@inproceedings{intro:theremin_and_radio_drum,
	title={Making Motion Musical: Gesture Mapping Strategies for Interactive Computer Music},
	author={Winkler, Todd},
	booktitle={Proc. ICMC},
	pages={261--264},
	year={Sept. 3--7, 1995},
	address={Banff, AB, Canada}
}

@article{intro:phyics_of_the_theremin,
	title={Physics of the {Theremin}},
	author={Skeldon, Kenneth D and Reid, Lindsay M and McInally, Viviene and Dougan, Brendan and Fulton, Craig},
	journal={American Journal of Physics},
	volume={66},
	number={11},
	pages={945--955},
	year={1998},
	publisher={American Association of Physics Teachers}
}

@inproceedings{polfreman2011multi,
	booktitle = {Proc. ICMC},
	title = {Multi-Modal Instrument: towards a platform for comparative controller evaluation},
	author = {Richard Polfreman},
	year = {July 31 -- Aug. 5, 2011},
	pages = {147--150},
	address = {Huddersfield, UK}
}

@inproceedings{trail2012non,
	title={Non-invasive sensing and gesture control for pitched percussion hyper-instruments using the {Kinect}},
	author={Trail, Shawn and Dean, Michael and Odowichuk, Gabrielle and Tavares, Tiago Fernandes and Driessen, Peter F and Schloss, W Andrew and Tzanetakis, George},
	booktitle={Proc. NIME},
	year={May 21--23, 2012},
	address = {Ann Arbor, MI, USA}
}

@inproceedings{senturk2012crossole,
	title={Crossole: A Gestural Interface for Composition, Improvisation and Performance using {Kinect}},
	author={Sent{\"u}rk, Sertan and Lee, Sang Won and Sastry, Avinash and Daruwalla, Anosh and Weinberg, Gil},
	booktitle={Proc. NIME},
	year={May 21--23, 2012},
	address = {Ann Arbor, MI, USA},
	pages = {449--502}
}

@ARTICLE{optical_tracking:rgbd,
	author={R. {Schramm} and C. R. {Jung} and E. R. {Miranda}},
	journal={IEEE Trans. on Multimedia}, 
	title={Dynamic Time Warping for Music Conducting Gestures Evaluation}, 
	year={2015},
	volume={17},
	number={2},
	pages={243--255}
}
	
@inproceedings{jensenius2013kinectofon,
	title={Kinectofon: Performing with shapes in planes},
	author={Jensenius, Alexander Refsum},
	year={May 27--30, 2013},
	booktitle={Proc. NIME},
	pages={196--197},
	address={Daejeon, Korea}
}

@inproceedings{han2014lessons,
	title={Lessons learned in exploring the {Leap Motion} sensor for gesture-based instrument design},
	author={Han, Jihyun and Gold, NE},
	year={June 30 -- July 4, 2014},
	booktitle={Proc. NIME},
	pages={371--374},
	address={London, UK},
	organization={Goldsmiths University of London}
}

@inproceedings{hantrakul2014implementations,
	title={Implementations of the {Leap Motion} in sound synthesis, effects modulation and assistive performance tools},
	author={Hantrakul, Lamtharn and Kaczmarek, Konrad},
	booktitle={Proc. ICMC},
	address={Athens, Greece},
	year={Sept 14--20, 2014},
	pages={648--653}
}

@inproceedings{brown2016leimu,
	title={Leimu: gloveless music interaction using a wrist mounted {Leap Motion}},
	author={Brown, Dom and Renney, Nathan and Stark, Adam and Nash, Chris and Mitchell, Tom},
	year={July 11--15, 2016},
	booktitle={Proc. NIME},
	pages={300--304},
	address={Brisbane, Austrailia}
}

@ARTICLE{ieeetm:training_surrogate_sensors,
	author={A. {Tindale} and A. {Kapur} and G. {Tzanetakis}},
	journal={IEEE Trans. on Multimedia}, 
	title={Training Surrogate Sensors in Musical Gesture Acquisition Systems}, 
	year={2011},
	volume={13},
	number={1},
	pages={50--59}
}
	
@article{intro:RGBcamera,
	title={Hand gesture recognition in mobile devices: enhancing the musical experience},
	author={Nieto, Oriol and Shasha, Dennis},
	journal={Proc. CMMR},
	volume={10},
	year={Oct. 15--18, 2013},
	address = {Marseille, France}
}

@ARTICLE{ieeetm:real_time_piano_music_transcription,
	author={M. {Akbari} and H. {Cheng}},
	journal={IEEE Trans. on Multimedia}, 
	title={Real-Time Piano Music Transcription Based on Computer Vision}, 
	year={2015},
	volume={17},
	number={12},
	pages={2113--2121}
}

@ARTICLE{josiah:hand_gesture_recognition,
	author={J. W. {Smith} and S. {Thiagarajan} and R. {Willis} and Y. {Makris} and M. {Torlak}},
	journal={IEEE Access}, 
	title={Improved Static Hand Gesture Classification on Deep Convolutional Neural Networks Using Novel Sterile Training Technique}, 
	year={2021},
	volume={9},
	number={},
	pages={10893--10902},
	doi={10.1109/ACCESS.2021.3051454}
}

@ARTICLE{intro:gestureRecognition,
	author={S. {Skaria} and A. {Al-Hourani} and M. {Lech} and R. J. {Evans}},
	journal={IEEE Sensors Journal}, 
	title={Hand-Gesture Recognition Using Two-Antenna Doppler Radar With Deep Convolutional Neural Networks}, 
	year={2019},
	volume={19},
	number={8},
	pages={3041--3048}
} 

@inproceedings{intro:soli_musical_instrument,
	title={O soli mio: exploring millimeter wave radar for musical interaction},
	author={Bernardo, Francisco and Arner, Nicholas and Batchelor, Paul},
	booktitle={Proc. NIME},
	pages={283--286},
	year={May 15--18, 2017},
	address = {Aalborg, Denmark}
}

@inproceedings{mmWave_tracking:WiDeo,
	title={{WiDeo}: Fine-grained Device-free Motion Tracing using {RF} Backscatter},
	author={Joshi, Kiran and Bharadia, Dinesh and Kotaru, Manikanta and Katti, Sachin},
	booktitle={Proc. USENIX NSDI},
	pages={189--204},
	year={May 4--6, 2015},
	address = {Oakland, CA, USA}
}

@ARTICLE{sar_cnn:enhance1,  
	author={Y. {Dai} and T. {Jin} and Y. {Song} and H. {Du} and D. {Zhao}},  
	journal={The Journal of Engineering},   
	title={{CNN}-based multiple-input multiple-output radar image enhancement method},   
	year={2019},  
	volume={2019},  
	number={20},  
	pages={6840--6844}
}

@INPROCEEDINGS{optical_tracking:kinect,
	author={Y. {Sun} and X. {Liang} and H. {Fan} and M. {Imran} and H. {Heidari}},
	booktitle={Proc. UCET}, 
	title={Visual Hand Tracking on Depth Image using 2-{D} Matched Filter}, 
	year={Aug. 21-22, 2019},
	address = {Glasgow, UK},
	pages={1--4}
}

@misc{ti:intro_to_FMCW_radars, 
	title={Intro to {mmWave} Sensing: {FMCW} Radars}, 
	url={https://training.ti.com/node/1139153}, 
	journal={TI Training}, 
	author={Rao, Sandeep}, 
	year={June 26, 2017. Accessed on: Apr. 20, 2021},
}

@INPROCEEDINGS{josiah:isar,
	author={J. W. {Smith} and M. E. {Yanik} and M. {Torlak}},
	booktitle={Proc. IEEE Radar Conf.}, 
	title={Near-Field {MIMO-ISAR} Millimeter-Wave Imaging}, 
	year={Sept. 21--25, 2020},
	address = {Florence, Italy},
	pages={1--6},
	doi={10.1109/RadarConf2043947.2020.9266412}
}

@ARTICLE{muhammet:sparse,
	author={M. E. {Yanik} and M. {Torlak}},
	journal={IEEE Access}, 
	title={Near-Field {MIMO-SAR} Millimeter-Wave Imaging With Sparsely Sampled Aperture Data}, 
	year={2019},
	volume={7},
	number={},
	pages={31801--31819}
}

@ARTICLE{muhammet:testbeds,
	author={M. E. {Yanik} and D. {Wang} and M. {Torlak}},
	journal={IEEE Access}, 
	title={Development and Demonstration of {MIMO-SAR} {mmWave} Imaging Testbeds}, 
	year={2020},
	volume={8},
	number={},
	pages={126019--126038}
}

@INPROCEEDINGS{fmcw:range_doppler,
	author={V. {Winkler}},
	booktitle={Proc. EuRAD}, 
	title={Range Doppler detection for automotive {FMCW} radars}, 
	year={October 10--12, 2007},
	address = {Munich, Germany},
	pages={166--169}
}

@article{mimo:joint_range_angle_estimation,
	title={Joint range and angle estimation for {FMCW MIMO} radar and its application},
	author={Kim, Junghoon and Chun, Joohwan and Song, Sungchan},
	year={arXiv:1811.06715 {[cs]}, Nov., 2018}
}


@misc{TI:mmWave_Studio, 
	title={{Texas Instruments mmWave Studio}}, 
	url={https://www.ti.com/tool/MMWAVE-STUDIO}, 
	year={2016. Accessed on: Apr. 20, 2021},
	journal={MMWAVE-STUDIO mmWave studio | TI.com}
}

@article{tracking:condensation_algorithm_radar,
	title={Tracking people motion based on extended condensation algorithm},
	author={Garc{\'\i}a, Jorge and Gardel, Alfredo and Bravo, Ignacio and L{\'a}zaro, Jos{\'e} Luis and Mart{\'\i}nez, Miguel},
	journal={IEEE Trans. on Systems, Man, and Cybernetics: Systems},
	volume={43},
	number={3},
	pages={606--618},
	year={2013},
	publisher={IEEE}
}

@ARTICLE{sar_cnn:direct1,  
	author={J. {Gao} and B. {Deng} and Y. {Qin} and H. {Wang} and X. {Li}},  
	journal={IEEE Geoscience and Remote Sensing Letters},   
	title={Enhanced Radar Imaging Using a Complex-Valued Convolutional Neural Network},   
	year={2019},  
	volume={16},  
	number={1},  
	pages={35--39}
}

@inproceedings{pardue2013hand,
	title={Hand-Controller for Combined Tactile Control and Motion Tracking},
	author={Pardue, Laurel and Sebastian, William},
	booktitle={Proc. NIME},
	pages={90--93},
	year={May 27--30, 2013},
	address = {Daejeon, Korea}
}

@article{neto2010high,
	title={High-level programming and control for industrial robotics: using a hand-held accelerometer-based input device for gesture and posture recognition},
	author={Neto, Pedro and Pires, J Norberto and Moreira, A Paulo},
	journal={Industrial Robot},
	year={2010},
	publisher={Emerald Group Publishing Limited},
	pages={137--147},
	volume={37},
	number={2}
}

@inproceedings{ballan2012motion,
	title={Motion capture of hands in action using discriminative salient points},
	author={Ballan, Luca and Taneja, Aparna and Gall, J{\"u}rgen and Van Gool, Luc and Pollefeys, Marc},
	booktitle={Proc. ECCV},
	pages={640--653},
	year={Oct. 7--13, 2012},
	address = {Florence, Italy},
	organization={Springer}
}

@inproceedings{sridhar2013interactive,
	title={Interactive markerless articulated hand motion tracking using {RGB} and depth data},
	author={Sridhar, Srinath and Oulasvirta, Antti and Theobalt, Christian},
	booktitle={Proc. ICCV},
	pages={2456--2463},
	year={Dec. 1--8, 2013},
	address = {Sydney, NSW, Australia}
}

@inproceedings{oikonomidis2011efficient,
	title={Efficient model-based {3D} tracking of hand articulations using {Kinect}},
	author={Oikonomidis, Iason and Kyriazis, Nikolaos and Argyros, Antonis A},
	booktitle={Proc. BMVC},
	volume={1},
	number={2},
	pages={101.1--101.11},
	year={Aug. 29 -- Sept. 2, 2011},
	address = {Dundee, UK}
}

@inproceedings{tang2015opening,
	title={Opening the black box: Hierarchical sampling optimization for estimating human hand pose},
	author={Tang, Danhang and Taylor, Jonathan and Kohli, Pushmeet and Keskin, Cem and Kim, Tae-Kyun and Shotton, Jamie},
	booktitle={Proc. ICCV},
	pages={3325--3333},
	year={Dec. 7--13, 2015},
	address={Santiago, Chile}
}

@inproceedings{sridhar2015fast,
	title={Fast and robust hand tracking using detection-guided optimization},
	author={Sridhar, Srinath and Mueller, Franziska and Oulasvirta, Antti and Theobalt, Christian},
	booktitle={Proc. CVPR},
	pages={3213--3221},
	year={June 7--12, 2015},
	address = {Boston, MA, USA}
}

@article{taylor2016efficient,
	title={Efficient and precise interactive hand tracking through joint, continuous optimization of pose and correspondences},
	author={Taylor, Jonathan and Bordeaux, Lucas and Cashman, Thomas and Corish, Bob and Keskin, Cem and Sharp, Toby and Soto, Eduardo and Sweeney, David and Valentin, Julien and Luff, Benjamin and others},
	journal={ACM Trans. on Graphics},
	volume={35},
	number={4},
	pages={1--12},
	year={2016},
	publisher={ACM New York, NY, USA}
}

@article{tompson2014real,
	title={Real-time continuous pose recovery of human hands using convolutional networks},
	author={Tompson, Jonathan and Stein, Murphy and Lecun, Yann and Perlin, Ken},
	journal={ACM Trans. on Graphics},
	volume={33},
	number={5},
	pages={1--10},
	year={2014},
	publisher={ACM New York, NY, USA}
}

@inproceedings{ye2016spatial,
	title={Spatial attention deep net with partial {PSO} for hierarchical hybrid hand pose estimation},
	author={Ye, Qi and Yuan, Shanxin and Kim, Tae-Kyun},
	booktitle={Proc. ECCV},
	pages={346--361},
	year={Oct. 8--16, 2016},
	address = {Amsterdam, The Netherlands},
	organization={Springer}
}

@INPROCEEDINGS{mmWave_tracking:ThuMouse,
	author={Z. {Li} and Z. {Lei} and A. {Yan} and E. {Solovey} and K. {Pahlavan}},
	booktitle={Proc. ICCE}, 
	title={{ThuMouse}: A Micro-gesture Cursor Input through {mmWave} Radar-based Interaction}, 
	year={Jan. 4-6, 2020},
	address = {Las Vegas, NV, USA},
	pages={1-9}
}





@INPROCEEDINGS{kim2020aziumth,
    author={H. {Kim} and S. {You} and B. J. {Jeong} and W. {Byun}},
    booktitle={Proc. ICTC}, 
    title={Azimuth Angle Resolution Improvement Technique with Neural Network}, 
    year={Oct. 21--23, 2020},
    address={Jeju, Korea},
    pages={1384--1387},
    doi={10.1109/ICTC49870.2020.9289364}
}
  
  
@ARTICLE{kim2016hand,
    author={Y. {Kim} and B. {Toomajian}},
    journal={IEEE Access}, 
    title={Hand Gesture Recognition Using Micro-Doppler Signatures With Convolutional Neural Network}, 
    year={2016},
    volume={4},
    pages={7125--7130},
    doi={10.1109/ACCESS.2016.2617282}
}

@article{le2004stability,
  title={Stability and uniform approximation of nonlinear filters using the {Hilbert} metric and application to particle filters},
  author={Le Gland, Fran{\c{c}}ois and Oudjane, Nadia and others},
  journal={The Annals of Applied Probability},
  volume={14},
  number={1},
  pages={144--187},
  year={2004},
  publisher={Institute of Mathematical Statistics}
}
  


%%%%%%%%%%%%%%%%%%% Misc required by reviewer
@ARTICLE{gurbuz2021american,
    author={S. Z. {Gurbuz} and A. C. {Gurbuz} and E. A. {Malaia} and D. J. {Griffin} and C. S. {Crawford} and M. M. {Rahman} and E. {Kurtoglu} and R. {Aksu} and T. {Macks} and R. {Mdrafi}},
    journal={IEEE Sensors Journal}, 
    title={American Sign Language Recognition Using {RF} Sensing}, 
    year={2021},
    volume={21},
    number={3},
    pages={3763--3775},
    doi={10.1109/JSEN.2020.3022376}
}

@ARTICLE{sang2018micro,
    author={Y. {Sang} and L. {Shi} and Y. {Liu}},
    journal={IEEE Access}, 
    title={Micro Hand Gesture Recognition System Using Ultrasonic Active Sensing}, 
    year={2018},
    volume={6},
    pages={49339--49347},
    doi={10.1109/ACCESS.2018.2868268}
}

@ARTICLE{maragliulo2019foot,
    author={S. {Maragliulo} and P. F. A. {Lopes} and L. B. {Osório} and A. T. {De Almeida} and M. {Tavakoli}},
    journal={IEEE Sensors Journal}, 
    title={Foot Gesture Recognition Through Dual Channel Wearable {EMG} System}, 
    year={2019},
    volume={19},
    number={22},
    pages={10187-10197},
    doi={10.1109/JSEN.2019.2931715}
}