@misc{Google:Soli, title={Project Soli- Google ATAP}, url={https://www.google.com/atap/project-soli/}, journal={Google}, publisher={Google}}

@ARTICLE{intro:gestureRecognition,
	author={S. {Skaria} and A. {Al-Hourani} and M. {Lech} and R. J. {Evans}},
	journal={IEEE Sensors Journal}, 
	title={Hand-Gesture Recognition Using Two-Antenna Doppler Radar With Deep Convolutional Neural Networks}, 
	year={2019},
	volume={19},
	number={8},
	pages={3041-3048},} 

@INPROCEEDINGS{intro:gestureRecognition2,  author={B. {Dekker} and S. {Jacobs} and A. S. {Kossen} and M. C. {Kruithof} and A. G. {Huizing} and M. {Geurts}},  booktitle={Proc. European Radar Conf.},   title={Gesture recognition with a low power FMCW radar and a deep convolutional neural network},   year={October 11-13, 2017, Nuremberg, Germany},  volume={}, number={},  pages={163-166},}

@INPROCEEDINGS{intro:gestureRecognition3,  author={S. {Zhang} and G. {Li} and M. {Ritchie} and F. {Fioranelli} and H. {Griffiths}},  booktitle={Proc. CIE  Conf.},   title={Dynamic hand gesture classification based on radar micro-Doppler signatures},   year={October 10-13, 2016, Guangzhou, China},  volume={},  number={},  pages={1-4},}

@INPROCEEDINGS{intro:gestureRecognition4,  author={E. {Klinefelter} and J. A. {Nanzer}},  booktitle={Proc. IEEE Radar Conf.},   title={Interferometric Radar For Spatially-Persistent Gesture Recognition in Human-Computer Interaction},   year={April 22-26, 2019, Boston, MA, USA},  volume={},  number={},  pages={1-5},}

@INPROCEEDINGS{intro:gestureRecognition5,  author={J. S. {Suh} and S. {Ryu} and B. {Han} and J. {Choi} and J. {Kim} and S. {Hong}},  booktitle={Proc. Asia-Pacific Microwave Conf.},   title={24 GHz FMCW Radar System for Real-Time Hand Gesture Recognition Using LSTM},   year={January 17, 2018, Kyoto, Japan},  volume={},  number={},  pages={860-862},}


@INPROCEEDINGS{intro:gestureRecognition6,  author={L. {Wang} and Z. {Cui} and Z. {Cao} and S. {Xu} and R. {Min}},  booktitle={IGARSS 2019 - 2019 IEEE  Geoscience and Remote Sensing Symposium},   title={Fine-Grained Gesture Recognition Based on High Resolution Range Profiles of Terahertz Radar},   year={2019},  volume={},  number={},  pages={1470-1473},}

@INPROCEEDINGS{intro:gestureRecognition7,  author={G. {Malysa} and D. {Wang} and L. {Netsch} and M. {Ali}},  booktitle={Proc. IEEE Global Conf. on Signal and Information Processing},   title={Hidden Markov model-based gesture recognition with FMCW radar},   year={December 7-9, 2016, Washington, DC, USA},  volume={},  number={},  pages={1017-1021},}

@ARTICLE{intro:gestureRecognition8,  author={S. {Hazra} and A. {Santra}},  journal={IEEE Sensors Letters},   title={Robust Gesture Recognition Using Millimetric-Wave Radar System},   year={2018},  volume={2},  number={4},  pages={1-4},}

@INPROCEEDINGS{intro:gestureRecognition9,  author={M. Q. {Nguyen} and A. {Flores-Nigaglioni} and C. {Li}},  booktitle={Proc. IEEE MTT-S  Wireless Symposium},   title={Range-gating technology for millimeter-wave radar remote gesture control in IoT applications},   year={May 6-10, 2018, Chengdu, China},  volume={},  number={},  pages={1-4},}

@article{intro:soli_gesture_recognition, title={Soli}, volume={35}, DOI={10.1145/2897824.2925953}, number={4}, journal={ACM Transactions on Graphics}, author={Lien, Jaime and Gillian, Nicholas and Karagozler, M. Emre and Amihood, Patrick and Schwesig, Carsten and Olson, Erik and Raja, Hakim and Poupyrev, Ivan}, year={2016}, pages={1–19}}

@inproceedings{intro:soli_musical_instrument,
	title={O soli mio: exploring millimeter wave radar for musical interaction.},
	author={Bernardo, Francisco and Arner, Nicholas and Batchelor, Paul},
	booktitle={NIME},
	volume={17},
	pages={283--286},
	year={2017}
}

@inproceedings{intro:kinect,
	title={A gesturally controlled improvisation system for piano},
	author={Nicolls, S and Gillian, N},
	year={2012},
	organization={Open Conf. Systems}
}

@article{intro:RGBcamera,
	title={Hand gesture recognition in mobile devices: Enhancing the musical experience},
	author={Nieto, Oriol and Shasha, Dennis},
	journal={Proc. of CMMR},
	volume={13},
	year={2013}
}

@inproceedings{intro:Leap_Motion,
	title={Lessons learned in exploring the Leap Motion™ sensor for gesture-based instrument design},
	author={Han, Jihyun and Gold, NE},
	year={2014},
	organization={Goldsmiths University of London}
}

@article{music:wearable1,
	title={Controlling physically based virtual musical instruments using the gloves.(2014)},
	author={Serafin, Stefania and Trento, Stefano and Grani, Francesco and Perner-Wilson, Hannah and Madgwick, Sebastian and Mitchell, Thomas J},
	year={2014}
}

@article{music:wearable2,
	title={Mumyo--evaluating and exploring the myo armband for musical interaction},
	author={Nymoen, Kristian and Haugen, Mari Romarheim and Jensenius, Alexander Refsum},
	year={2015},
	publisher={Louisiana State University}
}

@INPROCEEDINGS{josiah:isar,
	author={J. W. {Smith} and M. E. {Yanik} and M. {Torlak}},
	booktitle={2020 IEEE Radar Conference (RadarConf20)}, 
	title={Near-Field MIMO-ISAR Millimeter-Wave Imaging}, 
	year={2020},
	volume={},
	number={},
	pages={1-6},
	doi={10.1109/RadarConf2043947.2020.9266412}}

@ARTICLE{josiah:hand_gesture_recognition,
	author={J. W. {Smith} and S. {Thiagarajan} and R. {Willis} and Y. {Makris.} and M. {Torlak}},
	journal={IEEE Access}, 
	title={Improved Static Hand Gesture Classification on Deep Convolutional Neural Networks using Novel Sterile Training Technique}, 
	year={2021},
	volume={},
	number={},
	pages={1-1},
	doi={10.1109/ACCESS.2021.3051454}}

@inproceedings{music:wearable3,
	title={Wearable Interfaces for Cyberphysical Musical Expression.},
	author={Godbehere, Andrew B and Ward, Nathan J},
	booktitle={NIME},
	pages={237--240},
	year={2008}
}

@article{music:wearable4,
	title={A comprehensive review of sensors and instrumentation methods in devices for musical expression},
	author={Medeiros, Carolina Brum and Wanderley, Marcelo M},
	journal={Sensors},
	volume={14},
	number={8},
	pages={13556--13591},
	year={2014},
	publisher={Multidisciplinary Digital Publishing Institute}
}

@article{music:wearable5,
	title={Multiple-model linear kalman filter framework for unpredictable signals},
	author={Medeiros, Carolina Brum and Wanderley, Marcelo M},
	journal={IEEE Sensors Journal},
	volume={14},
	number={4},
	pages={979--991},
	year={2013},
	publisher={IEEE}
}

@book{music:NMIs,
	title={A NIME Reader: Fifteen Years of New Interfaces for Musical Expression},
	author={Jensenius, Alexander Refsum and Lyons, Michael J},
	volume={3},
	year={2017},
	publisher={Springer}
}

@article{music:evolution_of_real_time_music_synthesizers,
	title={The evolution of real-time music synthesizers},
	author={Mathews, MV},
	journal={The Journal of the Acoustical Society of America},
	volume={77},
	number={S1},
	pages={S74--S74},
	year={1985},
	publisher={Acoustical Society of America}
}

@incollection{music:history_of_MIDI,
	title={A Short History of MIDI},
	author={Mazzola, Guerino and Pang, Yan and Heinze, William and Gkoudina, Kyriaki and Pujakusuma, Gian Afrisando and Grunklee, Jacob and Chen, Zilu and Hu, Tianxue and Ma, Yiqing},
	booktitle={Basic Music Technology},
	pages={115--116},
	year={2018},
	publisher={Springer}
}

@book{music:Helmholtz,
	title={On the sensations of tone},
	author={Helmholtz, Hermann},
	year={2013},
	publisher={Courier Corporation}
}

@article{music:basic_music_theory,
	title={Understanding basic music theory},
	author={Schmidt-Jones, Catherine},
	year={2013},
	publisher={Rice University}
}

@misc{music:LFO1,
	title={Wavetable audio synthesizer with low frequency oscillators for tremolo and vibrato effects},
	author={Hewitt, Larry D and Suggs, David N and Norris, David},
	year={1997},
	month=sep # "~16",
	publisher={Google Patents},
	note={US Patent 5,668,338}
}

@misc{music:LFO2,
	title={Chorus generator for electronic musical instrument},
	author={Morez, E},
	year={1974},
	month=aug # "~6",
	publisher={Google Patents},
	note={US Patent 3,828,109}
}

@article{music:violin_vibrato,
	title={The time-frequency characteristics of violin vibrato: Modal distribution analysis and synthesis},
	author={Mellody, Maureen and Wakefield, Gregory H},
	journal={The Journal of the Acoustical Society of America},
	volume={107},
	number={1},
	pages={598--611},
	year={2000},
	publisher={Acoustical Society of America}
}

@article{music:vst_deep_learning,
	title={Automatic programming of VST sound synthesizers using deep networks and other techniques},
	author={Yee-King, Matthew John and Fedden, Leon and d'Inverno, Mark},
	journal={IEEE Transactions on Emerging Topics in Computational Intelligence},
	volume={2},
	number={2},
	pages={150--159},
	year={2018},
	publisher={IEEE}
}

@book{music:entertainment_industry_economics,
	title={Entertainment industry economics: A guide for financial analysis},
	author={Vogel, Harold L},
	year={2020},
	publisher={Cambridge University Press}
}

@ARTICLE{fmcw:signal_model_3D_near_field_MIMO_Range_Migration,
	author={X. {Zhuge} and A. G. {Yarovoy}},
	journal={IEEE Transactions on Image Processing}, 
	title={Three-Dimensional Near-Field MIMO Array Imaging Using Range Migration Techniques}, 
	year={2012},
	volume={21},
	number={6},
	pages={3026-3033},}

@article{fmcw:signal_model_exact_reconstruction,
	title={Exact reconstruction for near-field three-dimensional planar millimeter-wave holographic imaging},
	author={Qiao, Lingbo and Wang, Yingxin and Zhao, Ziran and Chen, Zhiqiang},
	journal={Journal of Infrared, Millimeter, and Terahertz Waves},
	volume={36},
	number={12},
	pages={1221--1236},
	year={2015},
	publisher={Springer}
}

@article{fmcw:signal_model47,
	title={Application of linear-frequency-modulated continuous-wave (LFMCW) radars for tracking of vital signs},
	author={Wang, Guochao and Munoz-Ferreras, Jose-Maria and Gu, Changzhan and Li, Changzhi and Gomez-Garcia, Roberto},
	journal={IEEE transactions on microwave theory and techniques},
	volume={62},
	number={6},
	pages={1387--1399},
	year={2014},
	publisher={IEEE}
}

@article{fmcw:signal_model46,
	title={Signal processing for FMCW SAR},
	author={Meta, Adriano and Hoogeboom, Peter and Ligthart, Leo P},
	journal={IEEE Transactions on Geoscience and Remote Sensing},
	volume={45},
	number={11},
	pages={3519--3532},
	year={2007},
	publisher={IEEE}
}

@inproceedings{fmcw:signal_model48,
	title={Vibration parameter estimation using FMCW radar},
	author={Ding, Lei and Ali, Murtaza and Patole, Sujeet and Dabak, Anand},
	booktitle={Proc. IEEE  Conf. on Acoustics, Speech and Signal Processing (ICASSP)},
	pages={2224--2228},
	year={March 20-25, 2016, Shanghai, China},
	organization={IEEE}
}

@ARTICLE{muhammet:sparse,
	author={M. E. {Yanik} and M. {Torlak}},
	journal={IEEE Access}, 
	title={Near-Field MIMO-SAR Millimeter-Wave Imaging With Sparsely Sampled Aperture Data}, 
	year={2019},
	volume={7},
	number={},
	pages={31801-31819},}

@INPROCEEDINGS{muhammet:cascaded,
	author={M. E. {Yanik} and D. {Wang} and M. {Torlak}},
	booktitle={Proc. IEEE Global Conf. on Signal and Information Processing}, 
	title={3-D MIMO-SAR Imaging Using Multi-Chip Cascaded Millimeter-Wave Sensors}, 
	year={November 11-14, 2019, Ottawa, ON, Canada},
	volume={},
	number={},
	pages={1-5},}

@ARTICLE{muhammet:testbeds,
	author={M. E. {Yanik} and D. {Wang} and M. {Torlak}},
	journal={IEEE Access}, 
	title={Development and Demonstration of MIMO-SAR mmWave Imaging Testbeds}, 
	year={2020},
	volume={8},
	number={},
	pages={126019-126038},}

@inproceedings{mimo:multistatic_eq1_1,
	title={Development of a high-throughput microwave imaging system for concealed weapons detection},
	author={Moulder, William F and Krieger, James D and Majewski, Janusz J and Coldwell, Charles M and Nguyen, Huy T and Maurais-Galejs, Denise T and Anderson, Thomas L and Dufilie, Pierre and Herd, Jeffrey S},
	booktitle={Proc. IEEE  Symposium on Phased Array Systems and Technology},
	pages={1--6},
	year={October 18-21, 2016, Waltham, MA, USA},
	organization={IEEE}
}

@article{mimo:multistatic_eq1_2,
	title={Near-field 3-D millimeter-wave imaging using MIMO RMA with range compensation},
	author={Wang, Zhongmin and Guo, Qijia and Tian, Xianzhong and Chang, Tianying and Cui, Hong-Liang},
	journal={IEEE Transactions On Microwave Theory and Techniques},
	volume={67},
	number={3},
	pages={1157--1166},
	year={2018},
	publisher={IEEE}
}

@inproceedings{muhammet:geolocation,
	title={Geolocalization via tracking of wideband radio astronomical sources in the presence of radio frequency interference},
	author={Yanik, Muhammet Emin and Torlak, Murat},
	booktitle={Proc. IEEE/ION Position, Location and Navigation Symposium},
	pages={1234--1238},
	year={June 7, 2018, Monterey, CA, USA},
	organization={IEEE}
}

@article{rife:single_tone_parameter_estimation,
	title={Single tone parameter estimation from discrete-time observations},
	author={Rife, DCBP and Boorstyn, Robert},
	journal={IEEE Transactions on information theory},
	volume={20},
	number={5},
	pages={591--598},
	year={1974},
	publisher={IEEE}
}

@article{ti:intro_to_FMCW_radars,
	title={Introduction to mmWave sensing: FMCW radars},
	author={Rao, Sandeep}
}

@article{mimo:joint_range_angle_estimation,
	title={Joint range and angle estimation for FMCW MIMO radar and its application},
	author={Kim, Junghoon and Chun, Joohwan and Song, Sungchan},
	journal={arXiv preprint arXiv:1811.06715},
	year={2018}
}

@book{msp:1,
	title={Acoustics of layered media II: point sources and bounded beams},
	author={Brekhovskikh, Leonid M and Godin, Oleg A},
	volume={10},
	year={2013},
	publisher={Springer Science \& Business Media}
}

@article{msp:2,
	title={Ausbreitung elektromagnetischer Wellen {\"u}ber einem ebenen Leiter},
	author={Weyl, Hermann},
	journal={Annalen der Physik},
	volume={365},
	number={21},
	pages={481--500},
	year={1919},
	publisher={Wiley Online Library}
}

@article{rma:stolt,
	title={Migration by Fourier transform},
	author={Stolt, Robert H},
	journal={Geophysics},
	volume={43},
	number={1},
	pages={23--48},
	year={1978},
	publisher={Society of Exploration Geophysicists}
}

@article{rma:stolt2,
	title={3-D radar imaging using range migration techniques},
	author={Lopez-Sanchez, Juan M and Fortuny-Guasch, Joaquim},
	journal={IEEE Transactions on antennas and propagation},
	volume={48},
	number={5},
	pages={728--737},
	year={2000},
	publisher={IEEE}
}

@INPROCEEDINGS{fmcw:range_doppler,
	author={V. {Winkler}},
	booktitle={Proc. European Radar Conf.}, 
	title={Range Doppler detection for automotive FMCW radars}, 
	year={October 10-12, 2007, Munich, Germany},
	volume={},
	number={},
	pages={166-169},}

@INPROCEEDINGS{matlab:nufft,
	author={S. F. {Potter} and N. A. {Gumerov} and R. {Duraiswami}},
	booktitle={Proc. IEEE Int. Conf. on Acoustics, Speech and Signal Processing}, 
	title={Fast interpolation of bandlimited functions}, 
	year={June 129, 2017, New Orleans, LA, USA},
	volume={},
	number={},
	pages={4516-4520},}

@inproceedings{tracking:condensation_algorithm,
	title={Using the condensation algorithm for robust, vision-based mobile robot localization},
	author={Dellaert, Frank and Burgard, Wolfram and Fox, Dieter and Thrun, Sebastian},
	booktitle={Proc. 1999 IEEE computer society Conf. on computer vision and pattern recognition (cat. no pr00149)},
	volume={2},
	pages={588--594},
	year={June 23-25, 1999, Fort Collins, CO, USA},
	organization={IEEE}
}

@article{tracking:condensation_algorithm_radar,
	title={Tracking people motion based on extended condensation algorithm},
	author={Garc{\'\i}a, Jorge and Gardel, Alfredo and Bravo, Ignacio and L{\'a}zaro, Jos{\'e} Luis and Mart{\'\i}nez, Miguel},
	journal={IEEE Transactions on Systems, Man, and Cybernetics: Systems},
	volume={43},
	number={3},
	pages={606--618},
	year={2013},
	publisher={IEEE}
}

@ARTICLE{sar_cnn:despeckle1,  author={H. {Shen} and C. {Zhou} and J. {Li} and Q. {Yuan}},  journal={IEEE Transactions on Geoscience and Remote Sensing},   title={SAR Image Despeckling Employing a Recursive Deep CNN Prior},   year={2020},  volume={},  number={},  pages={1-14},}

@INPROCEEDINGS{sar_cnn:despeckle2,  author={S. {Vitale} and G. {Ferraioli} and V. {Pascazio}},  booktitle={Proc. IEEE Int. Geoscience and Remote Sensing Symposium},   title={A New Ratio Image Based CNN Algorithm for SAR Despeckling},   year={November 14, 2019, Yokohama, Japan},  volume={},  number={},  pages={9494-9497},}

@ARTICLE{sar_cnn:enhance1,  author={Y. {Dai} and T. {Jin} and Y. {Song} and H. {Du} and D. {Zhao}},  journal={The Journal of Engineering},   title={CNN-based multiple-input multiple-output radar image enhancement method},   year={2019},  volume={2019},  number={20},  pages={6840-6844},}

@ARTICLE{sar_cnn:direct1,  author={J. {Gao} and B. {Deng} and Y. {Qin} and H. {Wang} and X. {Li}},  journal={IEEE Geoscience and Remote Sensing Letters},   title={Enhanced Radar Imaging Using a Complex-Valued Convolutional Neural Network},   year={2019},  volume={16},  number={1},  pages={35-39},}

@ARTICLE{sar_fcnn:direct1,  author={C. {Hu} and L. {Wang} and Z. {Li} and D. {Zhu}},  journal={IEEE Geoscience and Remote Sensing Letters},   title={Inverse Synthetic Aperture Radar Imaging Using a Fully Convolutional Neural Network},   year={2020},  volume={17},  number={7},  pages={1203-1207},}

@INPROCEEDINGS{sar_fcnn:super_resolution,  author={L. {Lin} and J. {Li} and Q. {Yuan} and H. {Shen}},  booktitle={Proc. IEEE  Geoscience and Remote Sensing Symposium},   title={Polarimetric SAR Image Super-Resolution VIA Deep Convolutional Neural Network},   year={November 14, 2019, Yokohama, Japan},  volume={},  number={},  pages={3205-3208},}

@ARTICLE{sar_fcnn:target_classification,  author={L. {Yu} and Y. {Hu} and X. {Xie} and Y. {Lin} and W. {Hong}},  journal={IEEE Geoscience and Remote Sensing Letters},   title={Complex-Valued Full Convolutional Neural Network for SAR Target Classification},   year={2019},  volume={},  number={},  pages={1-5},}

@ARTICLE{fcnn:segmentation,
	author={E. {Shelhamer} and J. {Long} and T. {Darrell}},
	journal={IEEE Transactions on Pattern Analysis and Machine Intelligence}, 
	title={Fully Convolutional Networks for Semantic Segmentation}, 
	year={2017},
	volume={39},
	number={4},
	pages={640-651},}

@ARTICLE{sar_fcnn:segmentation,  author={C. {Henry} and S. M. {Azimi} and N. {Merkle}},  journal={IEEE Geoscience and Remote Sensing Letters},   title={Road Segmentation in SAR Satellite Images With Deep Fully Convolutional Neural Networks},   year={2018},  volume={15},  number={12},  pages={1867-1871},}

@misc{TI:mmWave_Studio, title={Texas Instruments mmWave Studio}, url={https://www.ti.com/tool/MMWAVE-STUDIO}, journal={MMWAVE-STUDIO mmWave studio | TI.com}}

@INPROCEEDINGS{mmWave_tracking:WiTrace,
	author={L. {Wang} and K. {Sun} and H. {Dai} and A. X. {Liu} and X. {Wang}},
	booktitle={2018 15th Annual IEEE International Conference on Sensing, Communication, and Networking (SECON)}, 
	title={WiTrace: Centimeter-Level Passive Gesture Tracking Using WiFi Signals}, 
	year={June 28, 2018, Hong Kong, China},
	volume={},
	number={},
	pages={1-9},}

@ARTICLE{mmWave_tracking:in_air_handwriting_commodity_WiFi,
	author={Z. {Han} and Z. {Lu} and X. {Wen} and J. {Zhao} and L. {Guo} and Y. {Liu}},
	journal={IEEE Communications Letters}, 
	title={In-Air Handwriting by Passive Gesture Tracking using Commodity WiFi}, 
	year={2020},
	volume={},
	number={},
	pages={1-1},}

@inproceedings{mmWave_tracking:WiDeo,
	title={WiDeo: Fine-grained Device-free Motion Tracing using RF Backscatter},
	author={Joshi, Kiran and Bharadia, Dinesh and Kotaru, Manikanta and Katti, Sachin},
	booktitle={12th USENIX Symposium on Networked Systems Design and Implementation NSDI 15)},
	pages={189--204},
	year={2015}
}

@INPROCEEDINGS{mmWave_tracking:ThuMouse,
	author={Z. {Li} and Z. {Lei} and A. {Yan} and E. {Solovey} and K. {Pahlavan}},
	booktitle={2020 IEEE International Conference on Consumer Electronics (ICCE)}, 
	title={ThuMouse: A Micro-gesture Cursor Input through mmWave Radar-based Interaction}, 
	year={January 4-6, 2020, Las Vegas, NV, USA,},
	volume={},
	number={},
	pages={1-9},}

@INPROCEEDINGS{optical_tracking:hand_pose_tracking,
	author={C. {Qian} and X. {Sun} and Y. {Wei} and X. {Tang} and J. {Sun}},
	booktitle={2014 IEEE Conference on Computer Vision and Pattern Recognition}, 
	title={Realtime and Robust Hand Tracking from Depth}, 
	year={September 25, 2014, Columbus, Ohio, USA},
	volume={},
	number={},
	pages={1106-1113},}

@ARTICLE{optical_tracking:rgbdold,
	author={J. {Sanchez-Riera} and K. {Srinivasan} and K. {Hua} and W. {Cheng} and M. A. {Hossain} and M. F. {Alhamid}},
	journal={IEEE Transactions on Circuits and Systems for Video Technology}, 
	title={Robust RGB-D Hand Tracking Using Deep Learning Priors}, 
	year={2018},
	volume={28},
	number={9},
	pages={2289-2301},}

@ARTICLE{optical_tracking:rgbd,
	author={R. {Schramm} and C. R. {Jung} and E. R. {Miranda}},
	journal={IEEE Transactions on Multimedia}, 
	title={Dynamic Time Warping for Music Conducting Gestures Evaluation}, 
	year={2015},
	volume={17},
	number={2},
	pages={243-255},}

@INPROCEEDINGS{optical_tracking:kinect,
	author={Y. {Sun} and X. {Liang} and H. {Fan} and M. {Imran} and H. {Heidari}},
	booktitle={2019 UK/ China Emerging Technologies (UCET)}, 
	title={Visual Hand Tracking on Depth Image using 2-D Matched Filter}, 
	year={August 21-22, 2019, Glasgow, United Kingdom},
	volume={},
	number={},
	pages={1-4},}

@INPROCEEDINGS{optical_tracking:zaman,
	author={M. F. {Zaman} and S. T. {Mossarrat} and F. {Islam} and D. {Karmaker}},
	booktitle={2015 International Conference on Advances in Electrical Engineering (ICAEE)}, 
	title={Real-time hand detection and tracking with depth values}, 
	year={July 11, 2015, Dhaka, Bangladesh},
	volume={},
	number={},
	pages={129-132},}

@INPROCEEDINGS{optical_tracking:hand_pose_tracking2,
	author={B. {Tang} and X. {Shen} and Y. {Hu} and Q. {Fan}},
	booktitle={2017 International Conference on Virtual Reality and Visualization (ICVRV)}, 
	title={A Robust Real-Time Hand Detection and Tracking}, 
	year={October 21-22, 2017, Zhengzhou, China},
	volume={},
	number={},
	pages={241-246},}

@INPROCEEDINGS{radar:fog,
	author={L. {Daniel} and D. {Phippen} and E. {Hoare} and A. {Stove} and M. {Cherniakov} and M. {Gashinova}},
	booktitle={International Conference on Radar Systems (Radar 2017)}, 
	title={Low-THz radar, lidar and optical imaging through artificially generated fog}, 
	year={October 23-26, 2017, Belfast, UK},
	volume={},
	number={},
	pages={1-4},}

@INPROCEEDINGS{radar:through_the_wall_imaging_and_tracking,
	author={P. {Millot} and L. {Castanet} and L. {Casadebaig} and N. {Maaref} and A. {Gaugue} and M. {Ménard} and J. {Khamlichi} and G. {Louis} and N. {Fortino} and J. -. {Dauvignac} and G. {Clementi} and M. {Schortgen} and L. {Quellec} and V. {Laroche}},
	booktitle={2015 European Radar Conference (EuRAD)}, 
	title={An UWB Through-The-Wall radar with 3D imaging, detection and tracking capabilities}, 
	year={December 7, 2015, Paris, France},
	volume={},
	number={},
	pages={237-240},}

@INPROCEEDINGS{radar:around_the_corner1,
	author={S. k. {Doddalla} and G. C. {Trichopoulos}},
	booktitle={2018 IEEE/MTT-S International Microwave Symposium - IMS}, 
	title={Non-Line of Sight Terahertz Imaging from a Single Viewpoint}, 
	year={August 20, 2018, Philadelphia, PA, USA},
	volume={},
	number={},
	pages={1527-1529},}

@INPROCEEDINGS{radar:around_the_corner2,
	author={S. {Doddalla} and G. C. {Trichopoulos}},
	booktitle={2018 IEEE International Symposium on Antennas and Propagation   USNC/URSI National Radio Science Meeting}, 
	title={Around the Corner Terahertz Radar Imaging Exploiting Diffusion Scattering}, 
	year={July 8-13, 2018, Boston, MA, USA},
	volume={},
	number={},
	pages={231-232},}

@ARTICLE{ieeetm:training_surrogate_sensors,
	author={A. {Tindale} and A. {Kapur} and G. {Tzanetakis}},
	journal={IEEE Transactions on Multimedia}, 
	title={Training Surrogate Sensors in Musical Gesture Acquisition Systems}, 
	year={2011},
	volume={13},
	number={1},
	pages={50-59},}

@ARTICLE{ieeetm:real_time_piano_music_transcription,
	author={M. {Akbari} and H. {Cheng}},
	journal={IEEE Transactions on Multimedia}, 
	title={Real-Time Piano Music Transcription Based on Computer Vision}, 
	year={2015},
	volume={17},
	number={12},
	pages={2113-2121},}

@inproceedings{intro:theremin_and_radio_drum,
  title={Making motion musical: Gesture mapping strategies for interactive computer music},
  author={Winkler, Todd},
  booktitle={ICMC},
  pages={26},
  year={1995}
}

@article{intro:phyics_of_the_theremin,
  title={Physics of the Theremin},
  author={Skeldon, Kenneth D and Reid, Lindsay M and McInally, Viviene and Dougan, Brendan and Fulton, Craig},
  journal={American Journal of Physics},
  volume={66},
  number={11},
  pages={945--955},
  year={1998},
  publisher={American Association of Physics Teachers}
}

@article{jensenius2013kinectofon,
  title={Kinectofon: Performing with shapes in planes},
  author={Jensenius, Alexander Refsum},
  year={2013}
}

@inproceedings{senturk2012crossole,
  title={Crossole: A Gestural Interface for Composition, Improvisation and Performance using Kinect.},
  author={Sent{\"u}rk, Sertan and Lee, Sang Won and Sastry, Avinash and Daruwalla, Anosh and Weinberg, Gil},
  booktitle={NIME},
  year={2012}
}

@inproceedings{polfreman2011multi,
  title={Multi-modal instrument: towards a platform for comparative controller evaluation.},
  author={Polfreman, Richard},
  booktitle={ICMC},
  year={2011}
}

@inproceedings{trail2012non,
  title={Non-invasive sensing and gesture control for pitched percussion hyper-instruments using the Kinect.},
  author={Trail, Shawn and Dean, Michael and Odowichuk, Gabrielle and Tavares, Tiago Fernandes and Driessen, Peter F and Schloss, W Andrew and Tzanetakis, George},
  booktitle={NIME},
  year={2012}
}

@inproceedings{han2014lessons,
  title={Lessons learned in exploring the Leap Motion™ sensor for gesture-based instrument design},
  author={Han, Jihyun and Gold, NE},
  year={2014},
  organization={Goldsmiths University of London}
}

@inproceedings{hantrakul2014implementations,
  title={Implementations of the Leap Motion in sound synthesis, effects modulation and assistive performance tools.},
  author={Hantrakul, Lamtharn and Kaczmarek, Konrad},
  booktitle={ICMC},
  year={2014}
}

@article{brown2016leimu,
  title={Leimu: Gloveless music interaction using a wrist mounted leap motion},
  author={Brown, Dom and Renney, Nathan and Stark, Adam and Nash, Chris and Mitchell, Tom},
  year={2016}
}

@INPROCEEDINGS{muellerRealTime,
	author={F. {Mueller} and D. {Mehta} and O. {Sotnychenko} and S. {Sridhar} and D. {Casas} and C. {Theobalt}},
	booktitle={2017 IEEE International Conference on Computer Vision (ICCV)}, 
	title={Real-Time Hand Tracking under Occlusion from an Egocentric RGB-D Sensor}, 
	year={2017},
	volume={},
	number={},
	pages={1163-1172},
	doi={10.1109/ICCV.2017.131}}

@INPROCEEDINGS{liHandGestureTracking,  author={K. {Li} and J. {Cheng} and Q. {Zhang} and J. {Liu}},  booktitle={2018 IEEE International Conference on Information and Automation (ICIA)},   title={Hand Gesture Tracking and Recognition based Human-Computer Interaction System and Its Applications},   year={2018},  volume={},  number={},  pages={667-672},  doi={10.1109/ICInfA.2018.8812508}}

% multiple RGB camers
@inproceedings{ballan2012motion,
	title={Motion capture of hands in action using discriminative salient points},
	author={Ballan, Luca and Taneja, Aparna and Gall, J{\"u}rgen and Van Gool, Luc and Pollefeys, Marc},
	booktitle={European Conference on Computer Vision},
	pages={640--653},
	year={2012},
	organization={Springer}
}
@inproceedings{sridhar2013interactive,
	title={Interactive markerless articulated hand motion tracking using RGB and depth data},
	author={Sridhar, Srinath and Oulasvirta, Antti and Theobalt, Christian},
	booktitle={Proceedings of the IEEE international conference on computer vision},
	pages={2456--2463},
	year={2013}
}

% generative pose tracking
@inproceedings{oikonomidis2011efficient,
	title={Efficient model-based 3D tracking of hand articulations using Kinect.},
	author={Oikonomidis, Iason and Kyriazis, Nikolaos and Argyros, Antonis A},
	booktitle={BmVC},
	volume={1},
	number={2},
	pages={3},
	year={2011}
}
@inproceedings{tang2015opening,
	title={Opening the black box: Hierarchical sampling optimization for estimating human hand pose},
	author={Tang, Danhang and Taylor, Jonathan and Kohli, Pushmeet and Keskin, Cem and Kim, Tae-Kyun and Shotton, Jamie},
	booktitle={Proceedings of the IEEE international conference on computer vision},
	pages={3325--3333},
	year={2015}
}

% learning + generative pose tracking
@inproceedings{sridhar2015fast,
	title={Fast and robust hand tracking using detection-guided optimization},
	author={Sridhar, Srinath and Mueller, Franziska and Oulasvirta, Antti and Theobalt, Christian},
	booktitle={Proceedings of the IEEE Conference on Computer Vision and Pattern Recognition},
	pages={3213--3221},
	year={2015}
}
@article{taylor2016efficient,
	title={Efficient and precise interactive hand tracking through joint, continuous optimization of pose and correspondences},
	author={Taylor, Jonathan and Bordeaux, Lucas and Cashman, Thomas and Corish, Bob and Keskin, Cem and Sharp, Toby and Soto, Eduardo and Sweeney, David and Valentin, Julien and Luff, Benjamin and others},
	journal={ACM Transactions on Graphics (TOG)},
	volume={35},
	number={4},
	pages={1--12},
	year={2016},
	publisher={ACM New York, NY, USA}
}

% deep learning overcoming occlusion
@article{tompson2014real,
	title={Real-time continuous pose recovery of human hands using convolutional networks},
	author={Tompson, Jonathan and Stein, Murphy and Lecun, Yann and Perlin, Ken},
	journal={ACM Transactions on Graphics (ToG)},
	volume={33},
	number={5},
	pages={1--10},
	year={2014},
	publisher={ACM New York, NY, USA}
}
@inproceedings{ye2016spatial,
	title={Spatial attention deep net with partial pso for hierarchical hybrid hand pose estimation},
	author={Ye, Qi and Yuan, Shanxin and Kim, Tae-Kyun},
	booktitle={European conference on computer vision},
	pages={346--361},
	year={2016},
	organization={Springer}
}

% Wii controller for robot control
@article{neto2010high,
	title={High-level programming and control for industrial robotics: using a hand-held accelerometer-based input device for gesture and posture recognition},
	author={Neto, Pedro and Pires, J Norberto and Moreira, A Paulo},
	journal={Industrial Robot: An International Journal},
	year={2010},
	publisher={Emerald Group Publishing Limited}
}

% Hand-held tracking
@inproceedings{pardue2013hand,
	title={Hand-Controller for Combined Tactile Control and Motion Tracking.},
	author={Pardue, Laurel and Sebastian, William},
	booktitle={NIME},
	pages={90--93},
	year={2013}
}