%%%%%%%%%%%%%%%%%%%%%%%%%%%%%%%%%%%%%%%%%%%%%%%%%%%%%%%%%%%%%%%%%%%%%%%%%%%%%%%%%%%%%%%%%%%%%%%%%%%%%%%%%%%%%%%%%%%%%%%%%%%%%
% David Sheen
@inproceedings{sheen2016three,
	title        = {Three-dimensional radar imaging techniques and systems for near-field applications},
	author       = {David M. Sheen and Thomas E. Hall and Douglas L. McMakin and A. Mark Jones and Jonathan R. Tedeschi},
	year         = 2016,
	month        = may,
	booktitle    = {Proc. SPIE},
	address      = {Baltimore, MD, USA},
	volume       = 9829,
	pages        = {98290V}
}
@article{sheen2010near,
	title        = {Near-field three-dimensional radar imaging techniques and applications},
	author       = {Sheen, David and McMakin, Douglas and Hall, Thomas},
	year         = 2010,
	month        = jun,
	journal      = {Appl. Opt.},
	volume       = 49,
	number       = 19,
	pages        = {E83--E93}
}
@article{sheen2001three,
	title        = {Three-dimensional millimeter-wave imaging for concealed weapon detection},
	author       = {Sheen, David M and McMakin, Douglas L and Hall, Thomas E},
	year         = 2001,
	month        = sep,
	journal      = {IEEE Trans. Microw. Theory Techn.},
	volume       = 49,
	number       = 9,
	pages        = {1581--1592}
}
@inproceedings{sheen2018simulation,
	title        = {Simulation of active cylindrical and planar millimeter-wave imaging systems},
	author       = {Sheen, David M and Jones, A Mark and Hall, Thomas E},
	year         = 2018,
	month        = may,
	booktitle    = {Proc. SPIE},
	address      = {Orlando, FL, USA},
	volume       = 10634,
	pages        = 1063408
}
@misc{sheen1999real,
	title        = {Real-time wideband cylindrical holographic surveillance system},
	author       = {Sheen, David M and McMakin, Douglas L and Hall, Thomas E and Severtsen, Ronald H},
	year         = 1999,
	month        = jan,
	publisher    = {Google Patents},
	note         = {{US} Patent 5,859,609}
}
%%%%%%%%%%%%%%%%%%%%%%%%%%%%%%%%%%%%%%%%%%%%%%%%%%%%%%%%%%%%%%%%%%%%%%%%%%%%%%%%%%%%%%%%%%%%%%%%%%%%%%%%%%%%%%%%%%%%%%%%%%%%%
% Yanik
@inproceedings{yanik2019near,
	title        = {Near-field {2-D SAR} imaging by millimeter-wave radar for concealed item detection},
	author       = {Yanik, Muhammet Emin and Torlak, Murat},
	year         = 2019,
	month        = jan,
	booktitle    = {Proc. IEEE Radio Wirel. Symp. (RWS)},
	address      = {Orlando, FL, USA},
	pages        = {1--4}
}
@inproceedings{yanik2018millimeter,
	title        = {Millimeter-wave near-field imaging with two-dimensional {SAR} data},
	author       = {M. E. Yanik and M. Torlak},
	year         = 2018,
	month        = sep,
	booktitle    = {Proc. SRC Techcon},
	address      = {Austin, TX, USA},
	number       = {P093929}
}
@article{yanik2020development,
	title        = {Development and demonstration of {MIMO-SAR mmWave} imaging testbeds},
	author       = {Yanik, Muhammet Emin and Wang, Dan and Torlak, Murat},
	year         = 2020,
	month        = jul,
	journal      = {IEEE Access},
	volume       = 8,
	pages        = {126019--126038}
}
@article{yanik2019sparse,
	title        = {Near-field {MIMO-SAR} millimeter-wave imaging with sparsely sampled aperture data},
	author       = {Yanik, Muhammet Emin and Torlak, Murat},
	year         = 2019,
	month        = mar,
	journal      = {IEEE Access},
	volume       = 7,
	pages        = {31801--31819}
}
@inproceedings{yanik2019cascaded,
	title        = {{3-D MIMO-SAR} imaging using multi-chip cascaded millimeter-wave sensors},
	author       = {Yanik, Muhammet Emin and Wang, Dan and Torlak, Murat},
	year         = 2019,
	month        = nov,
	booktitle    = {Proc. IEEE Global Conf. Signal Inf. Process. (GlobalSIP)},
	address      = {Ottawa, ON, Canada},
	pages        = {1--5}
}
%%%%%%%%%%%%%%%%%%%%%%%%%%%%%%%%%%%%%%%%%%%%%%%%%%%%%%%%%%%%%%%%%%%%%%%%%%%%%%%%%%%%%%%%%%%%%%%%%%%%%%%%%%%%%%%%%%%%%%%%%%%%%
% Smith
@inproceedings{smith2020nearfieldisar,
	title        = {Near-Field {MIMO-ISAR} Millimeter-Wave Imaging},
	author       = {Smith, J. W. and Yanik, M. E. and Torlak, M.},
	year         = 2020,
	month        = sep,
	booktitle    = {Proc. IEEE Radar Conf. (RadarConf)},
	address      = {Florance, Italy},
	pages        = {1--6}
}
@article{smith2021sterile,
	title        = {Improved Static Hand Gesture Classification on Deep Convolutional Neural Networks Using Novel Sterile Training Technique},
	author       = {Smith, J. W. and Thiagarajan, S. and Willis, R. and Makris, Y. and Torlak, M.},
	year         = 2021,
	month        = jan,
	journal      = {IEEE Access},
	volume       = 9,
	pages        = {10893--10902}
}
@article{smith2021An,
	title        = {An {FCNN}-Based Super-Resolution {mmWave} Radar Framework for Contactless Musical Instrument Interface},
	author       = {Smith, J. W. and Furxhi, O. and Torlak, M.},
	year         = 2021,
	month        = may,
	journal      = {IEEE Trans. Multimedia},
	volume       = 24,
	pages        = {2315--2328}
}
@article{smith2022efficient,
	title        = {Efficient {3-D} Near-Field {MIMO-SAR} Imaging for Irregular Scanning Geometries},
	author       = {Smith, J. W. and Torlak, M.},
	year         = 2022,
	month        = jan,
	journal      = {IEEE Access},
	volume       = 10,
	pages        = {10283--10294}
}
@inproceedings{smith2022ffh_vit,
	title        = {A Vision Transformer Approach for Efficient Near-Field {SAR} Super-Resolution under Array Perturbation},
	author       = {Smith, J. W. and Alimam, Y. and Vedula, G. and Torlak, M.},
	year         = 2022,
	month        = apr,
	booktitle    = {Proc. IEEE Tex. Symp. Wirel. Microw. Circuits Syst. (WMCS)},
	address      = {Waco, TX, USA},
	pages        = {1--6}
}
@inproceedings{vasileiou2022efficient,
	title        = {Efficient {CNN}-Based Super Resolution Algorithms for {mmWave} Mobile Radar Imaging},
	author       = {Vasileiou, C. and Smith, J. W. and Thiagarajan, S. and Nigh, M. and Makris, Y. and Torlak, M.},
	year         = 2022,
	month        = oct,
	booktitle    = {Proc. IEEE Int. Conf. Image Process. (ICIP)},
	address      = {Bourdeaux, France},
	pages        = {3803--3807}
}
@phdthesis{smith2022novel,
	title        = {Novel Hybrid-Learning Algorithms for Improved Millimeter-Wave Imaging Systems},
	author       = {Smith, J. W.},
	year         = 2022,
	month        = apr,
	address      = {Richardson, Texas, USA},
	note         = {Available at \url{https://arxiv.org/abs/2306.15341}},
	school       = {Dept. Elect. Comput. Eng., Univ. Texas Dallas},
	type         = {PhD dissertation}
}
@article{smith2023dual_radar,
	title        = {Deep Learning-Based Multiband Signal Fusion for {3-D} {SAR} Super-Resolution},
	author       = {Smith, J. W. and Torlak, M.},
	year         = 2023,
	month        = apr,
	journal      = {IEEE Trans. Aerosp. Electron. Syst.},
	pages        = {1--17}
}
@inproceedings{smith2023ThzToolbox,
	title        = {Survey of emerging systems and algorithms for near-field {THz} {SAR} imaging},
	author       = {Smith, J. W. and Torlak, M.},
	booktitle    = {Proc. IEEE},
	address      = {to be submitted}
}
%%%%%%%%%%%%%%%%%%%%%%%%%%%%%%%%%%%%%%%%%%%%%%%%%%%%%%%%%%%%%%%%%%%%%%%%%%%%%%%%%%%%%%%%%%%%%%%%%%%%%%%%%%%%%%%%%%%%%%%%%%%%%
% Ashwin Baral
@article{baral2021joint,
	title        = {Joint Doppler Frequency and Direction of Arrival Estimation for {TDM MIMO} Automotive Radars},
	author       = {Baral, Ashwin Bhobani and Torlak, Murat},
	year         = 2021,
	month        = apr,
	journal      = {IEEE J. Sel. Top. Signal Process.},
	volume       = 15,
	number       = 4,
	pages        = {980--995}
}
@article{baral2019impact,
	title        = {Impact of Number of Noise Eigenvectors Used on the Resolution Probability of {MUSIC}},
	author       = {Baral, Ashwin Bhobani and Torlak, Murat},
	year         = 2019,
	month        = jan,
	journal      = {IEEE Access},
	volume       = 7,
	pages        = {20023--20039}
}
%%%%%%%%%%%%%%%%%%%%%%%%%%%%%%%%%%%%%%%%%%%%%%%%%%%%%%%%%%%%%%%%%%%%%%%%%%%%%%%%%%%%%%%%%%%%%%%%%%%%%%%%%%%%%%%%%%%%%%%%%%%%%
% Murat Torlak
@article{heidenreich2021editorial,
	title        = {Editorial: Introduction to the Issue on Recent Advances in Automotive Radar Signal Processing},
	author       = {Heidenreich, Philipp and Zoubir, Abdelhak and Bilik, Igal and Greco, Maria and Torlak, Murat},
	year         = 2021,
	month        = jun,
	journal      = {IEEE J. Sel. Top. Signal Process.},
	volume       = 15,
	number       = 4,
	pages        = {861--864}
}
@article{torlak2021spectral,
	title        = {Spectral Detection of Frequency-Sparse Signals: Compressed Sensing vs. Sweeping Spectrum Scanning},
	author       = {Torlak, Murat and Namgoong, Won},
	year         = 2021,
	month        = jan,
	journal      = {IEEE Access},
	volume       = 9,
	pages        = {30060--30070}
}
%%%%%%%%%%%%%%%%%%%%%%%%%%%%%%%%%%%%%%%%%%%%%%%%%%%%%%%%%%%%%%%%%%%%%%%%%%%%%%%%%%%%%%%%%%%%%%%%%%%%%%%%%%%%%%%%%%%%%%%%%%%%%
% Bhaskar Upadhyay


%%%%%%%%%%%%%%%%%%%%%%%%%%%%%%%%%%%%%%%%%%%%%%%%%%%%%%%%%%%%%%%%%%%%%%%%%%%%%%%%%%%%%%%%%%%%%%%%%%%%%%%%%%%%%%%%%%%%%%%%%%%%%
% Jingkun Gao
@article{gao2016efficient,
	title        = {Efficient terahertz wide-angle {NUFFT}-based inverse synthetic aperture imaging considering spherical wavefront},
	author       = {Gao, Jingkun and Deng, Bin and Qin, Yuliang and Wang, Hongqiang and Li, Xiang},
	year         = 2016,
	month        = dec,
	journal      = {Sensors},
	volume       = 16,
	number       = 12,
	pages        = 2120
}
@article{gao2016terahertz,
	title        = {Terahertz Wide-Angle Imaging and Analysis on Plane-wave Criteria Based on Inverse Synthetic Aperture Techniques},
	author       = {Gao, Jing Kun and Qin, Yu Liang and Deng, Bin and Wang, Hong Qiang and Li, Jin and Li, Xiang},
	year         = 2016,
	month        = jan,
	journal      = {J. Infrared Millim. Terahertz Waves},
	volume       = 37,
	number       = 4,
	pages        = {373--393}
}
@article{gao2018cylindricalMIMO,
	title        = {An Efficient Algorithm for {MIMO} Cylindrical Millimeter-Wave Holographic {3-D} Imaging},
	author       = {J. {Gao} and B. {Deng} and Y. {Qin} and H. {Wang} and X. {Li}},
	year         = 2018,
	month        = aug,
	journal      = {IEEE Trans. Microw. Theory Techn.},
	volume       = 66,
	number       = 11,
	pages        = {5065--5074}
}
@article{gao2018_1D_MIMO,
	title        = {Novel Efficient {3D} Short-Range Imaging Algorithms for a Scanning {1D-MIMO} Array},
	author       = {J. {Gao} and Y. {Qin} and B. {Deng} and H. {Wang} and X. {Li}},
	year         = 2018,
	month        = apr,
	journal      = {IEEE Trans. Image Process.},
	volume       = 27,
	number       = 7,
	pages        = {3631--3643}
}
@article{gao2018enhanced,
	title        = {Enhanced radar imaging using a complex-valued convolutional neural network},
	author       = {Gao, Jingkun and Deng, Bin and Qin, Yuliang and Wang, Hongqiang and Li, Xiang},
	year         = 2018,
	month        = sep,
	journal      = {IEEE Geosci. Remote Sens. Lett.},
	volume       = 16,
	number       = 1,
	pages        = {35--39}
}
%%%%%%%%%%%%%%%%%%%%%%%%%%%%%%%%%%%%%%%%%%%%%%%%%%%%%%%%%%%%%%%%%%%%%%%%%%%%%%%%%%%%%%%%%%%%%%%%%%%%%%%%%%%%%%%%%%%%%%%%%%%%%
% mmWave Non-Destructive Testing (NDT)
@article{kharkovsky2006millimeter,
	title        = {Millimeter-wave detection of localized anomalies in the space shuttle external fuel tank insulating foam},
	author       = {Kharkovsky, Sergey and Case, Joseph T and Abou-Khousa, Mohamed Ahmed and Zoughi, Reza and Hepburn, Frank L},
	year         = 2006,
	month        = jul,
	journal      = {IEEE Trans. Instrum. Meas.},
	volume       = 55,
	number       = 4,
	pages        = {1250--1257}
}
@article{kharkovsky2007microwave,
	title        = {Microwave and millimeter wave nondestructive testing and evaluation-Overview and recent advances},
	author       = {Kharkovsky, Sergey and Zoughi, Reza},
	year         = 2007,
	month        = may,
	journal      = {IEEE Instrum. Meas. Mag.},
	volume       = 10,
	number       = 2,
	pages        = {26--38}
}
@article{ghasr201330,
	title        = {30 {GHz} linear high-resolution and rapid millimeter wave imaging system for {NDE}},
	author       = {Ghasr, Mohammad Tayeb and Kharkovsky, Sergey and Bohnert, Royce and Hirst, Brice and Zoughi, Reza},
	year         = 2013,
	month        = jun,
	journal      = {IEEE Trans. Antennas Propag.},
	volume       = 61,
	number       = 9,
	pages        = {4733--4740}
}
%%%%%%%%%%%%%%%%%%%%%%%%%%%%%%%%%%%%%%%%%%%%%%%%%%%%%%%%%%%%%%%%%%%%%%%%%%%%%%%%%%%%%%%%%%%%%%%%%%%%%%%%%%%%%%%%%%%%%%%%%%%%%
% Medical mmWave Imaging
@inproceedings{chao2012millimeter,
	title        = {Millimeter wave dielectric spectroscopy and breast cancer imaging},
	author       = {Chao, Liu and Afsar, Mohammed N and Korolev, Konstantin A},
	year         = 2012,
	month        = oct,
	booktitle    = {Proc. 7th Eur. Microw. Integr. Circuits Conf. (EuMIC)},
	address      = {Amsterdam, Netherlands},
	pages        = {572--575}
}
@inproceedings{di2017high,
	title        = {High-resolution mm-wave imaging techniques and systems for breast cancer detection},
	author       = {Di Meo, S and Matrone, G and Pasian, M and Bozzi, M and Perregrini, L and Magenes, G and Mazzanti, A and Svelto, F and Summers, PE and Renne, G and others},
	year         = 2017,
	month        = sep,
	booktitle    = {Proc. IEEE/MTT-S Int. Microw. Workshop Ser. Adv. Mater. Process. RF THz Appl. (IMWS-AMP)},
	address      = {Pavia, Italy},
	pages        = {1--3}
}
@article{gao2016millimeter,
	title        = {Millimeter wave reflectometry and imaging for noninvasive diagnosis of skin burn injuries},
	author       = {Gao, Yuan and Zoughi, Reza},
	year         = 2016,
	month        = nov,
	journal      = {IEEE Trans. Instrum. Meas.},
	volume       = 66,
	number       = 1,
	pages        = {77--84}
}
@article{mirbeik2018synthetic,
	title        = {Synthetic ultra-high-resolution millimeter-wave imaging for skin cancer detection},
	author       = {Mirbeik-Sabzevari, Amir and Li, Sensen and Garay, Edgar and Nguyen, Huy-Thong and Wang, Hua and Tavassolian, Negar},
	year         = 2018,
	month        = oct,
	journal      = {IEEE Trans. Biomed. Eng.},
	volume       = 66,
	number       = 1,
	pages        = {61--71}
}
@inproceedings{mirbeik2018ultra,
	title        = {Ultra-high-resolution millimeter-wave imaging: A new promising skin cancer imaging modality},
	author       = {Mirbeik-Sabzevari, Amir and Tavassoian, Negar and Ashinoff, Robin},
	year         = 2018,
	month        = oct,
	booktitle    = {Proc. IEEE Biomed. Circuits Syst. Conf. (BioCAS)},
	address      = {Cleveland, OH, USA},
	pages        = {1--4}
}
@article{fedeli2020microwave,
	title        = {Microwave Detection of Brain Injuries by Means of a Hybrid Imaging Method},
	author       = {Fedeli, Alessandro and Estatico, Claudio and Pastorino, Matteo and Randazzo, Andrea},
	year         = 2020,
	month        = sep,
	journal      = {IEEE Open J. Antennas Propag.},
	volume       = 1,
	pages        = {513--523}
}
%%%%%%%%%%%%%%%%%%%%%%%%%%%%%%%%%%%%%%%%%%%%%%%%%%%%%%%%%%%%%%%%%%%%%%%%%%%%%%%%%%%%%%%%%%%%%%%%%%%%%%%%%%%%%%%%%%%%%%%%%%%%%
% Freehand Imaging
@article{alvarez2019freehand,
	title        = {Freehand, Agile, and High-Resolution Imaging With Compact {mm-Wave} Radar},
	author       = {Álvarez-Narciandi, Guillermo and López-Portugués, Miguel and Las-Heras, Fernando and Laviada, Jaime},
	year         = 2019,
	month        = jul,
	journal      = {IEEE Access},
	volume       = 7,
	pages        = {95516--95526}
}
@article{alvarez2021freehand,
	title        = {Freehand {mm-Wave} Imaging With a Compact {MIMO} Radar},
	author       = {Álvarez-Narciandi, Guillermo and Laviada, Jaime and Las-Heras, Fernando},
	year         = 2021,
	month        = feb,
	journal      = {IEEE Trans. Antennas Propag.},
	volume       = 69,
	number       = 2,
	pages        = {1224--1229}
}
@article{alvarez2021system,
	title        = {System Based on Compact {mmWave} Radar and Natural Body Movement for Assisting Visually Impaired People},
	author       = {Álvarez, Humberto Fernández and ÁLvarez-Narciandi, Guillermo and Las-Heras, Fernando and Laviada, Jaime},
	year         = 2021,
	month        = sep,
	journal      = {IEEE Access},
	volume       = 9,
	pages        = {125042--125051}
}
@article{alvarez2021freehandsystem,
	title        = {Freehand System for Antenna Diagnosis Based on Amplitude-Only Data},
	author       = {Álvarez-Narciandi, Guillermo and Laviada, Jaime and Álvarez-López, Yuri and Ducournau, Guillaume and Luxey, Cyril and Belem-Goncalves, Cybelle and Gianesello, Frederic and Nachabe, Nour and Rio, Carlos Del and Las-Heras, Fernando},
	year         = 2021,
	month        = feb,
	journal      = {IEEE Trans. Antennas Propag.},
	volume       = 69,
	number       = 8,
	pages        = {4988--4998}
}
@article{alvarez2021towards,
	title        = {Towards Turning Smartphones Into {mmWave} Scanners},
	author       = {Álvarez-Narciandi, Guillermo and Laviada, Jaime and Las-Heras, Fernando},
	year         = 2021,
	month        = mar,
	journal      = {IEEE Access},
	volume       = 9,
	pages        = {45147--45154}
}
@article{wu2020multilayered,
	title        = {Multilayered Circular Dielectric Structure {SAR} Imaging Using Time-Reversal Compressed Sensing Algorithms Based on Nonuniform Measurement},
	author       = {Wu, Baolong and Álvarez-Narciandi, Guillermo and Laviada, Jaime},
	year         = 2020,
	month        = jul,
	journal      = {IEEE Antennas Wirel. Propag. Lett.},
	volume       = 19,
	number       = 9,
	pages        = {1491--1495}
}
@article{baumgartner2017sononet,
	title        = {{SonoNet}: Real-Time Detection and Localisation of Fetal Standard Scan Planes in Freehand Ultrasound},
	author       = {Baumgartner, Christian F. and Kamnitsas, Konstantinos and Matthew, Jacqueline and Fletcher, Tara P. and Smith, Sandra and Koch, Lisa M. and Kainz, Bernhard and Rueckert, Daniel},
	year         = 2017,
	month        = jul,
	journal      = {IEEE Trans. Med. Imaging},
	volume       = 36,
	number       = 11,
	pages        = {2204--2215}
}
@article{gilbertson2015force,
	title        = {Force and Position Control System for Freehand Ultrasound},
	author       = {Gilbertson, Matthew W. and Anthony, Brian W.},
	year         = 2015,
	month        = jun,
	journal      = {IEEE Trans. Robot.},
	volume       = 31,
	number       = 4,
	pages        = {835--849}
}
@article{blackall2005alignment,
	title        = {Alignment of sparse freehand {3-D} ultrasound with preoperative images of the liver using models of respiratory motion and deformation},
	author       = {Blackall, J.M. and Penney, G.P. and King, A.P. and Hawkes, D.J.},
	year         = 2005,
	month        = oct,
	journal      = {IEEE Trans. Med. Imaging},
	volume       = 24,
	number       = 11,
	pages        = {1405--1416}
}
@article{wymeersch2017mmWavePositioning,
	title        = {{5G mmWave} Positioning for Vehicular Networks},
	author       = {Wymeersch, Henk and Seco-Granados, Gonzalo and Destino, Giuseppe and Dardari, Davide and Tufvesson, Fredrik},
	year         = 2017,
	month        = dec,
	journal      = {IEEE Wireless Commun.},
	volume       = 24,
	number       = 6,
	pages        = {80--86}
}
@inproceedings{hajiakhondi2020bluetooth,
	title        = {Bluetooth Low Energy-based Angle of Arrival Estimation via Switch Antenna Array for Indoor Localization},
	author       = {Hajiakhondi-Meybodi, Zohreh and Salimibeni, Mohammad and Plataniotis, Konstantinos N. and Mohammadi, Arash},
	year         = 2020,
	month        = jul,
	booktitle    = {Proc. 23rd Int. Conf. Inf. Fusion (FUSION)},
	address      = {Rustenburg, South Africa},
	pages        = {1--6}
}
@inproceedings{zeng2021aperturelinearization,
	title        = {A Near-Field Fast Time-Frequency Joint {3-D} Imaging Algorithm Based on Aperture Linearization},
	author       = {Zeng, Xuan and Ma, Yuxin and Li, Zhongyu and Wu, Junjie and Yang, Jianyu},
	year         = 2021,
	month        = oct,
	booktitle    = {Proc. IEEE Int. Geosci. Remote Sens. Symp. (IGARSS)},
	address      = {Brussels, Belgium},
	pages        = {5163--5166}
}
@inproceedings{liu2020graph,
	title        = {Graph-based array signal denoising for perturbed synthetic aperture radar},
	author       = {Liu, Dehong and Chen, Siheng and Boufounos, Petros T},
	year         = 2020,
	month        = sep,
	booktitle    = {Proc. IEEE Int. Geosci. Remote Sens. Symp. (IGARSS)},
	address      = {Waikoloa, HI, USA},
	pages        = {1881--1884}
}
@article{mansour2018sparse,
	title        = {Sparse blind deconvolution for distributed radar autofocus imaging},
	author       = {Mansour, Hassan and Liu, Dehong and Kamilov, Ulugbek S and Boufounos, Petros T},
	year         = 2018,
	month        = oct,
	journal      = {IEEE Trans. Comput. Imaging},
	volume       = 4,
	number       = 4,
	pages        = {537--551}
}
%%%%%%%%%%%%%%%%%%%%%%%%%%%%%%%%%%%%%%%%%%%%%%%%%%%%%%%%%%%%%%%%%%%%%%%%%%%%%%%%%%%%%%%%%%%%%%%%%%%%%%%%%%%%%%%%%%%%%%%%%%%%%
% Automotive SAR / UAV SAR
@inproceedings{iqbal2021realistic,
	title        = {Realistic {SAR} Implementation for Automotive Applications},
	author       = {Iqbal, Hasan and Löffler, Andreas and Mejdoub, Mohamed Nour and Gruson, Frank},
	year         = 2021,
	month        = jan,
	booktitle    = {Proc. 17th Eur. Radar Conf. (EuRAD)},
	address      = {Utrecht, Netherlands},
	pages        = {306--309}
}
@inproceedings{kan2020automotiveSAR,
	title        = {Implementation of Real-time Automotive {SAR} Imaging},
	author       = {Kan, Tang and Xin, Guo and Xiaowei, Liang and Zhongshan, Lin},
	year         = 2020,
	month        = jun,
	booktitle    = {Proc. IEEE 11th Sens. Array Multichannel Signal Process. Workshop (SAM)},
	address      = {Hangzhou, China},
	pages        = {1--4}
}
@inproceedings{garcia20203DSARProcessing,
	title        = {{3D-SAR} Processing of {UAV}-mounted {GPR} Measurements: Dealing with Non-Uniform Sampling},
	author       = {Garcia-Fernandez, M. and Alvarez-Lopez, Y. and Heras, F. Las},
	year         = 2020,
	month        = aug,
	booktitle    = {Proc. 14th Eur. Conf. Antennas Propag. (EuCAP)},
	address      = {Copenhagen, Denmark},
	pages        = {1--5}
}
%%%%%%%%%%%%%%%%%%%%%%%%%%%%%%%%%%%%%%%%%%%%%%%%%%%%%%%%%%%%%%%%%%%%%%%%%%%%%%%%%%%%%%%%%%%%%%%%%%%%%%%%%%%%%%%%%%%%%%%%%%%%%
% THz Imaging
@article{assou2023synthetic,
	title        = {Synthetic Photoconductive Antenna Array for Terahertz {3D} Imaging and Spectroscopy},
	author       = {Assou, M Ait and Humbert, G and Crunteanu, A and Decroze, C},
	year         = 2023,
	month        = may,
	journal      = {IEEE Trans. Terahertz Sci. Technol.}
}
@inproceedings{gezimati2022circular,
	title        = {Circular Synthetic Aperture Radar for Near-field Terahertz Imaging},
	author       = {Gezimati, Mavis and Singh, Ghanshyam},
	year         = 2022,
	month        = nov,
	booktitle    = {Proc. IEEE 5th Int. Conf. Multimedia, Signal Process., Commun. Technol. (IMPACT)},
	address      = {Aligarh, India},
	pages        = {1--5}
}
@article{gezimati2023curved,
	title        = {Curved Synthetic Aperture Radar for Near-Field Terahertz Imaging},
	author       = {Gezimati, Mavis and Singh, Ghanshyam},
	year         = 2023,
	month        = apr,
	journal      = {IEEE Photon. J.},
	volume       = 15,
	number       = 3,
	pages        = {1--13}
}
@article{barket2022selection,
	title        = {Selection criteria of image reconstruction algorithms for terahertz short-range imaging applications},
	author       = {Barket, Ali Raza and Hu, Weidong and Wang, Bing and Shahzad, Waseem and Malik, Jabir Shabbir},
	year         = 2022,
	month        = jun,
	journal      = {Opt. Express},
	volume       = 30,
	number       = 13,
	pages        = {23398--23416}
}
@article{gao2020study,
	title        = {Study of the Extended Phase Shift Migration for Three-Dimensional {MIMO-SAR} Imaging in Terahertz Band},
	author       = {Gao, Hang and Li, Chao and Wu, Shiyou and Geng, Hebin and Zheng, Shen and Qu, Xiaodong and Fang, Guangyou},
	year         = 2020,
	month        = jan,
	journal      = {IEEE Access},
	volume       = 8,
	pages        = {24773--24783}
}
@article{gao2019implementation,
	title        = {Implementation of the Phase Shift Migration in {MIMO}-Sidelooking Imaging at Terahertz Band},
	author       = {Gao, Hang and Li, Chao and Zheng, Shen and Wu, Shiyou and Fang, Guangyou},
	year         = 2019,
	month        = jun,
	journal      = {IEEE Sensors J.},
	volume       = 19,
	number       = 20,
	pages        = {9384--9393}
}
@article{loewenthal1976wave,
	title        = {The wave equation applied to migration},
	author       = {Loewenthal, D and Lu, L and Roberson, R and Sherwood, J},
	year         = 1976,
	month        = jun,
	journal      = {Geophys. Prospecting},
	volume       = 24,
	number       = 2,
	pages        = {380--399}
}
@article{wang2020AnEfficientCSA,
	title        = {An Efficient Algorithm Based on {CSA} for {THz} Stepped-Frequency {SAR} Imaging},
	author       = {Wang, Chuang and Zhang, Qunying and Hu, Jianmin and Li, Chao and Shi, Shuyun and Fang, Guangyou},
	year         = 2020,
	month        = dec,
	journal      = {IEEE Geosci. Remote Sens. Lett.},
	volume       = 19,
	pages        = {1--5}
}
@inproceedings{jaeschke20143d,
	title        = {{3D FMCW SAR} imaging based on a 240 {GHz SiGe} transceiver chip with integrated antennas},
	author       = {Jaeschke, T and Bredendiek, C and Pohl, N},
	year         = 2014,
	month        = mar,
	booktitle    = {Proc. Ger. Microw. Conf (GeMiC)},
	address      = {Aachen, Germany},
	pages        = {1--4}
}
@article{ding2013thz,
	title        = {{THz} {3-D} image formation using {SAR} techniques: simulation, processing and experimental results},
	author       = {Ding, Jinshan and Kahl, Matthias and Loffeld, Otmar and Bolivar, Peter Haring},
	year         = 2013,
	month        = jul,
	journal      = {IEEE Trans. Terahertz Sci. Technol.},
	volume       = 3,
	number       = 5,
	pages        = {606--616}
}
@article{yang2018three,
	title        = {Three-Dimensional Imaging of Space Debris With Space-Based Terahertz Radar},
	author       = {Yang, Xu and Pi, Yiming and Liu, Tong and Wang, Haijiang},
	year         = 2018,
	month        = dec,
	journal      = {IEEE Sensors J.},
	volume       = 18,
	number       = 3,
	pages        = {1063--1072}
}
@article{cooper2011thz,
	title        = {{THz} imaging radar for standoff personnel screening},
	author       = {Cooper, Ken B and Dengler, Robert J and Llombart, Nuria and Thomas, Bertrand and Chattopadhyay, Goutam and Siegel, Peter H},
	year         = 2011,
	month        = aug,
	journal      = {IEEE Trans. Terahertz Sci. Technol.},
	volume       = 1,
	number       = 1,
	pages        = {169--182}
}
@article{cooper2008penetrating,
	title        = {Penetrating {3-D} Imaging at 4- and 25-m Range Using a Submillimeter-Wave Radar},
	author       = {Cooper, Ken B. and Dengler, Robert J. and Llombart, Nuria and Bryllert, Tomas and Chattopadhyay, Goutam and Schlecht, Erich and Gill, John and Lee, Choonsup and Skalare, Anders and Mehdi, Imran and Siegel, Peter H.},
	year         = 2008,
	month        = nov,
	journal      = {IEEE Trans. Microw. Theory Tech.},
	volume       = 56,
	number       = 12,
	pages        = {2771--2778}
}
@article{moll2012towards,
	title        = {Towards three-dimensional millimeter-wave radar with the bistatic fast-factorized back-projection algorithm—Potential and limitations},
	author       = {Moll, Jochen and Schops, Philipp and Krozer, Viktor},
	year         = 2012,
	month        = jun,
	journal      = {IEEE Trans. Terahertz Sci. Technol.},
	volume       = 2,
	number       = 4,
	pages        = {432--440}
}
@inproceedings{batra2021Submm,
	title        = {Sub-mm Resolution {3D SAR} Imaging at 1.5 {THz}},
	author       = {Batra, Aman and Wiemeler, Michael and Göhringer, Diana and Kaiser, Thomas},
	year         = 2021,
	month        = jul,
	booktitle    = {Proc. 4th Int. Workshop Mob. Terahertz Syst. (IWMTS)},
	address      = {Essen, Germany},
	pages        = {1--5}
}
@article{gao2018fast,
	title        = {Fast Three-Dimensional Image Reconstruction of a Standoff Screening System in the Terahertz Regime},
	author       = {Gao, Jingkun and Cui, Zhenmao and Cheng, Binbin and Qin, Yuliang and Deng, Xianjin and Deng, Bin and Li, Xiang and Wang, Hongqiang},
	year         = 2018,
	month        = jan,
	journal      = {IEEE Trans. Terahertz Sci. Technol.},
	volume       = 8,
	number       = 1,
	pages        = {38--51}
}
@article{molaei2021fourier,
	title        = {Fourier Compatible Near-Field Multiple-Input Multiple-Output Terahertz Imaging With Sparse Non-Uniform Apertures},
	author       = {Molaei, Amir Masoud and Hu, Shaoqing and Skouroliakou, Vasiliki and Fusco, Vincent and Chen, Xiaodong and Yurduseven, Okan},
	year         = 2021,
	month        = nov,
	journal      = {IEEE Access},
	volume       = 9,
	pages        = {157278--157294}
}
@inproceedings{yuan2018a,
	title        = {A Deep Learning Method for Detection of Dangerous Equipment},
	author       = {Yuan, Jianxin and Guo, Chengan},
	year         = 2018,
	month        = jul,
	booktitle    = {Proc. 8th Int. Conf. Inf. Sci. Technol. (ICIST)},
	address      = {Cordoba, Granada, and Seville, Spain},
	pages        = {159--164}
}
@article{mittleman2018twenty,
	title        = {Twenty years of terahertz imaging},
	author       = {Mittleman, Daniel M},
	year         = 2018,
	month        = apr,
	journal      = {Opt. Express},
	volume       = 26,
	number       = 8,
	pages        = {9417--9431}
}
@article{rappaport2018wireless,
	title        = {Wireless Communications and Applications Above 100 {GHz}: Opportunities and Challenges for {6G} and Beyond},
	author       = {Rappaport, Theodore S. and Xing, Yunchou and Kanhere, Ojas and Ju, Shihao and Madanayake, Arjuna and Mandal, Soumyajit and Alkhateeb, Ahmed and Trichopoulos, Georgios C.},
	year         = 2019,
	month        = jun,
	journal      = {IEEE Access},
	volume       = 7,
	pages        = {78729--78757}
}
@article{slocum2013atmospheric,
	title        = {Atmospheric absorption of terahertz radiation and water vapor continuum effects},
	author       = {Slocum, David M and Slingerland, Elizabeth J and Giles, Robert H and Goyette, Thomas M},
	year         = 2013,
	month        = sep,
	journal      = {J. Quant. Spectrosc. Radiat. Transf.},
	volume       = 127,
	pages        = {49--63}
}
@inproceedings{schorlemer2021efficient,
	title        = {Efficient Frequency Domain Sampling Schemes for {THz SAR} Systems},
	author       = {Schorlemer, Jonas and Kolpatzeck, Kevin and Balzer, Jan C. and Czylwik, Andreas and Rolfes, Ilona and Barowski, Jan},
	year         = 2021,
	month        = jul,
	booktitle    = {Proc. 4th Int. Workshop Mob. Terahertz Syst. (IWMTS)},
	address      = {Essen, Germany},
	pages        = {1--5}
}
@inproceedings{batra2021fpga,
	title        = {{FPGA}-Based Acceleration of {THz SAR} Imaging},
	author       = {Batra, Aman and Kamaleldin, Ahmed and Zhen, Lee Ye and Wiemeler, Michael and Göhringer, Diana and Kaiser, Thomas},
	year         = 2021,
	month        = jul,
	booktitle    = {Proc. 4th Int. Workshop Mob. Terahertz Syst. (IWMTS)},
	address      = {Essen, Germany},
	pages        = {1--5}
}
@inproceedings{bryllert2009a600,
	title        = {A 600 {GHz} imaging radar for concealed objects detection},
	author       = {Bryllert, Tomas and Cooper, Ken B and Dengler, Robert J and Llombart, Nuria and Chattopadhyay, Goutam and Schlecht, Erich and Gill, John and Lee, Choonsup and Skalare, Anders and Mehdi, Imran and others},
	year         = 2009,
	month        = may,
	booktitle    = {Proc. IEEE Radar Conf. (RadarConf)},
	address      = {Pasadena, CA, USA},
	pages        = {1--3}
}
@article{gui2019analysis,
	title        = {Analysis of security imaging method for walking human screening with single channel synthetic aperture radar},
	author       = {Gui, Shuliang and Li, Jin and Zuo, Feng and Pi, Yiming},
	year         = 2019,
	month        = jul,
	journal      = {IEEE Access},
	volume       = 7,
	pages        = {111363--111374}
}
@article{gishkori2018imaging,
	title        = {Imaging for a forward scanning automotive synthetic aperture radar},
	author       = {Gishkori, Shahzad and Daniel, Liam and Gashinova, Marina and Mulgrew, Bernard},
	year         = 2018,
	month        = jun,
	journal      = {IEEE Trans. Aerosp. Electron. Syst.},
	volume       = 55,
	number       = 3,
	pages        = {1420--1434}
}
@inproceedings{stanko2016millimeter,
	title        = {Millimeter resolution {SAR} imaging of infrastructure in the lower {THz} region using {MIRANDA}-300},
	author       = {Stanko, Stephan and Palm, Stephan and Sommer, Rainer and Kl{\"o}ppel, Frank and Caris, Michael and Pohl, Nils},
	year         = 2016,
	month        = oct,
	booktitle    = {Proc. 46th Eur. Microw. Conf. (EuMC)},
	address      = {London, U.K.},
	pages        = {1505--1508}
}
@inproceedings{saqueb2018THz,
	title        = {{THz} Imaging Using Rail-Based Synthetic Aperture Radar for the Detection of Concealed Objects},
	author       = {Nazmus Saqueb, Syed An and Garry, Joseph L. and Smith, Graeme E. and Nahar, Niru K. and Sertel, Kubilay},
	year         = 2018,
	month        = jul,
	booktitle    = {Proc. USNC-URSI Radio Sci. Meet. (Jt. AP-S Symp.) (USNC-URSI)},
	address      = {Boston, MA, USA},
	pages        = {175--176}
}
@inproceedings{batra2019sar,
	title        = {{SAR} signal processing architecture and effects of motion errors for {mmWave} and {THz} frequencies},
	author       = {Batra, Aman and Wiemeler, Michael and Kreul, Theo and Goehringer, Diana and Kaiser, Thomas},
	year         = 2019,
	month        = jul,
	booktitle    = {Proc. 2nd Int. Workshop Mob. Terahertz Syst. (IWMTS)},
	address      = {Bad Neuenahr, Germany},
	pages        = {1--6}
}
@inproceedings{pohl2018compact,
	title        = {A compact ultra-wideband {mmWave} radar sensor at 80 {GHz} based on a {SiGe} transceiver chip (focused session on highly-integrated millimeter-wave radar sensors in {SiGe} {BiCMOS} technologies)},
	author       = {Pohl, Nils and Jaeschke, Timo and K{\"u}ppers, Simon and Bredendiek, Christian and N{\"u}{\ss}ler, Dirk},
	year         = 2018,
	month        = may,
	booktitle    = {Proc. 22nd Int. Microw. Radar Conf. (MIKON)},
	address      = {Poznan, Poland},
	pages        = {345--347}
}
@article{jaeschke2014high,
	title        = {High-precision {D-band} {FMCW}-radar sensor based on a wideband {SiGe}-transceiver {MMIC}},
	author       = {Jaeschke, Timo and Bredendiek, Christian and K{\"u}ppers, Simon and Pohl, Nils},
	year         = 2014,
	month        = nov,
	journal      = {IEEE Trans. Microw. Theory Techn.},
	volume       = 62,
	number       = 12,
	pages        = {3582--3597}
}
@article{schreiner2019multilayer,
	title        = {Multilayer thickness measurements below the {Rayleigh} limit using {FMCW} millimeter and terahertz waves},
	author       = {Schreiner, Nina S and Sauer-Greff, Wolfgang and Urbansky, Ralph and von Freymann, Georg and Friederich, Fabian},
	year         = 2019,
	month        = sep,
	journal      = {Sensors},
	volume       = 19,
	number       = 18,
	pages        = 3910
}
@article{xu2022YOLOMSFG,
	title        = {{YOLO-MSFG}: Toward Real-Time Detection of Concealed Objects in Passive Terahertz Images},
	author       = {Xu, Fan and Huang, Xuyang and Wu, Qihui and Zhang, Xiaofei and Shang, Zhigao and Zhang, Yijia},
	year         = 2022,
	month        = jan,
	journal      = {IEEE Sensors J.},
	volume       = 22,
	number       = 1,
	pages        = {520--534}
}
@article{siegel2002terahertz,
	title        = {Terahertz technology},
	author       = {Siegel, P.H.},
	year         = 2002,
	month        = aug,
	journal      = {IEEE Trans. Microw. Theory Techn.},
	volume       = 50,
	number       = 3,
	pages        = {910--928}
}
@article{federici2005thz,
	title        = {{THz} imaging and sensing for security applications—explosives, weapons and drugs},
	author       = {Federici, John F and Schulkin, Brian and Huang, Feng and Gary, Dale and Barat, Robert and Oliveira, Filipe and Zimdars, David},
	year         = 2005,
	month        = jul,
	journal      = {Semicond. Sci. and Technol.},
	volume       = 20,
	number       = 7,
	pages        = {S266}
}
@article{chen2005imaging,
	title        = {Imaging for concealed weapon detection: a tutorial overview of development in imaging sensors and processing},
	author       = {Chen, Hua-Mei and Lee, Seungsin and Rao, Raghuveer M and Slamani, M-A and Varshney, Pramod K},
	year         = 2005,
	month        = mar,
	journal      = {IEEE Signal Process. Mag.},
	volume       = 22,
	number       = 2,
	pages        = {52--61}
}
@article{shen2008detection,
	title        = {Detection and segmentation of concealed objects in terahertz images},
	author       = {Shen, Xilin and Dietlein, Charles R and Grossman, Erich and Popovic, Zoya and Meyer, Fran{\c{c}}ois G},
	year         = 2008,
	month        = dec,
	journal      = {IEEE Trans. Image Procss.},
	volume       = 17,
	number       = 12,
	pages        = {2465--2475}
}
@article{li2018study,
	title        = {Study of automatic detection of concealed targets in passive terahertz images for intelligent security screening},
	author       = {Li, Rui and Li, Chao and Li, Hongwei and Wu, Shiyou and Fang, Guangyou},
	year         = 2018,
	month        = mar,
	journal      = {IEEE Trans. Terahertz Sci. Technol.},
	volume       = 9,
	number       = 2,
	pages        = {165--176}
}
@article{liu2019concealed,
	title        = {Concealed object detection for activate millimeter wave image},
	author       = {Liu, Ting and Zhao, Yao and Wei, Yunchao and Zhao, Yufeng and Wei, Shikui},
	year         = 2019,
	month        = jan,
	journal      = {IEEE Trans. Ind. Electron.},
	volume       = 66,
	number       = 12,
	pages        = {9909--9917}
}
@inproceedings{xiao2018r,
	title        = {{R-PCNN} Method to Rapidly Detect Objects on {THz} Images in Human Body Security Checks},
	author       = {Xiao, Hong and Zhang, Rongyue and Wang, Hao and Zhu, Feng and Zhang, Cheng and Dai, Hongning and Zhou, YuBin},
	year         = 2018,
	month        = oct,
	booktitle    = {Proc. IEEE SmartWorld/SCALCOM/UIC/ATC/CBDCom/IOP/SCI},
	address      = {Guangzhou, China},
	pages        = {1777--1782}
}
@article{lopez2017deep,
	title        = {Deep {CNNs} for object detection using passive millimeter sensors},
	author       = {Lopez-Tapia, Santiago and Molina, Rafael and de la Blanca, Nicol{\'a}s P{\'e}rez},
	year         = 2019,
	month        = sep,
	journal      = {IEEE Trans. Circuits Syst. Video Technol.},
	volume       = 29,
	number       = 9,
	pages        = {2580--2589}
}
@book{lee2009principles,
	title        = {Principles of terahertz science and technology},
	author       = {Lee, Yun-Shik},
	year         = 2009,
	publisher    = {Springer Science \& Business Media},
	address      = {Berlin, Germany},
	volume       = 170
}
@article{baxter2011terahertz,
	title        = {Terahertz spectroscopy},
	author       = {Baxter, Jason B and Guglietta, Glenn W},
	year         = 2011,
	month        = may,
	journal      = {Anal. Chem.},
	volume       = 83,
	number       = 12,
	pages        = {4342--4368}
}
@article{hu1995imaging,
	title        = {Imaging with terahertz waves},
	author       = {Hu, Binbin B and Nuss, Martin C},
	year         = 1995,
	month        = aug,
	journal      = {Opt. Lett.},
	volume       = 20,
	number       = 16,
	pages        = {1716--1718}
}
@article{jiang2000improvement,
	title        = {Improvement of terahertz imaging with a dynamic subtraction technique},
	author       = {Jiang, Zhiping and Xu, XG and Zhang, X-C},
	year         = 2000,
	journal      = {Appl. Opt.},
	volume       = 39,
	number       = 17,
	pages        = {2982--2987}
}
@article{dahlback2012system,
	title        = {A system for {THz} imaging of low-contrast targets using the {Born} approximation},
	author       = {Dahlback, Robin and Rubaek, Tonny and Persson, Mikael and Stake, Jan},
	year         = 2012,
	month        = apr,
	journal      = {IEEE Trans. Terahertz Sci. Technol.},
	volume       = 2,
	number       = 3,
	pages        = {361--370}
}
@article{swicord2008has,
	title        = {Has electromagnetic energy in the band 0.1--100 {GHz} useful medical applications? A review of mechanisms and biological database offers dim prospects},
	author       = {Swicord, Mays and Balzano, Quirino},
	year         = 2008,
	month        = aug,
	journal      = {IEEE Trans. Plasma Sci.},
	volume       = 36,
	number       = 4,
	pages        = {1638--1649}
}
@inproceedings{tapia2016detection,
	title        = {Detection and localization of objects in passive millimeter wave images},
	author       = {Tapia, Santiago L{\'o}pez and Molina, Rafael and de la Blanca, Nicol{\'a}s P{\'e}rez},
	year         = 2016,
	month        = sep,
	booktitle    = {Proc. 24th Eur. Signal Process. Conf. (EUSIPCO)},
	address      = {Budapest, Hungary},
	pages        = {2101--2105}
}
@article{lopez2018using,
	title        = {Using machine learning to detect and localize concealed objects in passive millimeter-wave images},
	author       = {L{\'o}pez-Tapia, Santiago and Molina, Rafael and de la Blanca, Nicol{\'a}s P{\'e}rez},
	year         = 2018,
	month        = jan,
	journal      = {Eng. Appl. Artif. Intell.},
	volume       = 67,
	pages        = {81--90}
}
@article{helander2017compressive,
	title        = {Compressive sensing techniques for mm-wave nondestructive testing of composite panels},
	author       = {Helander, Jakob and Ericsson, Andreas and Gustafsson, Mats and Martin, Torleif and Sj{\"o}berg, Daniel and Larsson, Christer},
	year         = 2017,
	month        = oct,
	journal      = {IEEE Trans. Antennas Propag.},
	volume       = 65,
	number       = 10,
	pages        = {5523--5531}
}
%%%%%%%%%%%%%%%%%%%%%%%%%%%%%%%%%%%%%%%%%%%%%%%%%%%%%%%%%%%%%%%%%%%%%%%%%%%%%%%%%%%%%%%%%%%%%%%%%%%%%%%%%%%%%%%%%%%%%%%%%%%%%
% THz Circuits
@article{byreddy2023lensless,
	title        = {Lensless Short-Range Reflection-Mode Imaging at 275 {GHz} Using {CMOS} Concurrent Transceivers},
	author       = {Byreddy, Pranith R and Sosa, Walter E and Zhu, Yukun and Chen, Zhiyu and Pouya, Behnam and Choi, Wooyeol and O, Kenneth K},
	year         = 2023,
	month        = feb,
	journal      = {IEEE Sensors Lett.},
	volume       = 7,
	number       = 2,
	pages        = {1--4}
}
@article{zhu2022_426ghz,
	title        = {426-{GHz} Concurrent Transceiver Pixel in 65-nm {CMOS} for Active Imaging},
	author       = {Zhu, Yukun and Byreddy, Pranith Reddy and O, Kenneth K and Choi, Wooyeol},
	year         = 2022,
	month        = jun,
	journal      = {IEEE Trans. Terahertz Sci. Technol.},
	volume       = 12,
	number       = 5,
	pages        = {446--456}
}
%%%%%%%%%%%%%%%%%%%%%%%%%%%%%%%%%%%%%%%%%%%%%%%%%%%%%%%%%%%%%%%%%%%%%%%%%%%%%%%%%%%%%%%%%%%%%%%%%%%%%%%%%%%%%%%%%%%%%%%%%%%%%
% THz Applications
@article{yasui2005terahertz,
	title        = {Terahertz paintmeter for noncontact monitoring of thickness and drying progress in paint film},
	author       = {Yasui, Takeshi and Yasuda, Takashi and Sawanaka, Ken-ichi and Araki, Tsutomu},
	year         = 2005,
	month        = nov,
	journal      = {Appl. Opt.},
	volume       = 44,
	number       = 32,
	pages        = {6849--6856}
}
@article{jordens2008detection,
	title        = {Detection of foreign bodies in chocolate with pulsed terahertz spectroscopy},
	author       = {J{\"o}rdens, Christian and Koch, Martin},
	year         = 2008,
	month        = mar,
	journal      = {Opt. Eng.},
	volume       = 47,
	number       = 3,
	pages        = {037003}
}
@article{wang2017emerging,
	title        = {Emerging non-destructive terahertz spectroscopic imaging technique: Principle and applications in the agri-food industry},
	author       = {Wang, Kaiqiang and Sun, Da-Wen and Pu, Hongbin},
	year         = 2017,
	month        = sep,
	journal      = {Trends Food Sci. Technol.},
	volume       = 67,
	pages        = {93--105}
}
@inproceedings{humphreys2004medical,
	title        = {Medical applications of terahertz imaging: a review of current technology and potential applications in biomedical engineering},
	author       = {Humphreys, K and Loughran, JP and Gradziel, Marcin and Lanigan, W and Ward, T and Murphy, J Anthony and O'Sullivan, Cr{\'e}idhe},
	year         = 2004,
	month        = sep,
	booktitle    = {Proc. 26th Annu. Int. Conf. IEEE Eng. Med. Biol. (EMBC)},
	address      = {San Francisco, CA, USA},
	volume       = 1,
	pages        = {1302--1305}
}
@article{shen2011terahertz,
	title        = {Terahertz pulsed spectroscopy and imaging for pharmaceutical applications: a review},
	author       = {Shen, Yao-Chun},
	year         = 2011,
	month        = sep,
	journal      = {J. Pharm. Parmacol.},
	volume       = 417,
	number       = {1-2},
	pages        = {48--60}
}
@book{fukunaga2016thz,
	title        = {{THz} technology applied to cultural heritage in practice},
	author       = {Fukunaga, Kaori},
	year         = 2016,
	address      = {Japan}
}
@article{gente2015monitoring,
	title        = {Monitoring leaf water content with {THz} and sub-{THz} waves},
	author       = {Gente, Ralf and Koch, Martin},
	year         = 2015,
	month        = mar,
	journal      = {Plant Methods},
	volume       = 11,
	number       = 1,
	pages        = {1--9}
}
@article{kawase2003non,
	title        = {Non-destructive terahertz imaging of illicit drugs using spectral fingerprints},
	author       = {Kawase, Kodo and Ogawa, Yuichi and Watanabe, Yuuki and Inoue, Hiroyuki},
	year         = 2003,
	month        = oct,
	journal      = {Opt. Express},
	volume       = 11,
	number       = 20,
	pages        = {2549--2554}
}
@article{shen2005detection,
	title        = {Detection and identification of explosives using terahertz pulsed spectroscopic imaging},
	author       = {Shen, YC and Lo, a T and Taday, PF and Cole, BE and Tribe, WR and Kemp, MC},
	year         = 2005,
	month        = jun,
	journal      = {Appl. Phys. Lett.},
	volume       = 86,
	number       = 24,
	pages        = 241116
}
@article{siegel2007thz,
	title        = {{THz} instruments for space},
	author       = {Siegel, Peter H},
	year         = 2007,
	month        = nov,
	journal      = {IEEE Trans. Antennas Propag.},
	volume       = 55,
	number       = 11,
	pages        = {2957--2965}
}
@inproceedings{emerson1997work,
	title        = {The work of {Jagadis Chandra Bose}: 100 years of mm-wave research},
	author       = {Emerson, DT},
	year         = 1997,
	month        = jun,
	booktitle    = {Proc. IEEE/MTT-S Int. Microw. Symp. Dig.},
	address      = {Denver, CO, USA},
	volume       = 2,
	pages        = {553--556}
}
@article{daniel2018application,
	title        = {Application of Doppler beam sharpening for azimuth refinement in prospective low-{THz} automotive radars},
	author       = {Daniel, Liam and Stove, Andrew and Hoare, Edward and Phippen, Dominic and Cherniakov, Mike and Mulgrew, Bernie and Gashinova, Marina},
	year         = 2018,
	journal      = {IET Radar, Sonar Navigat.},
	volume       = 12,
	number       = 10,
	pages        = {1121--1130}
}
@inproceedings{vizard2015low,
	title        = {Low {THz} automotive radar developments employing 300--600 {GHz} frequency extenders},
	author       = {Vizard, David R and Gashinova, Marina and Hoare, EG and Cherniakov, Mikhail},
	year         = 2015,
	month        = jun,
	booktitle    = {Proc. 16th Int. Radar Symp. (IRS)},
	address      = {Dresden, Germany},
	pages        = {209--214}
}
@article{liu2007terahertz,
	title        = {Terahertz spectroscopy and imaging for defense and security applications},
	author       = {Liu, Hai-Bo and Zhong, Hua and Karpowicz, Nicholas and Chen, Yunqing and Zhang, Xi-Cheng},
	year         = 2007,
	month        = oct,
	journal      = {Proc. IEEE},
	volume       = 95,
	number       = 8,
	pages        = {1514--1527}
}
%%%%%%%%%%%%%%%%%%%%%%%%%%%%%%%%%%%%%%%%%%%%%%%%%%%%%%%%%%%%%%%%%%%%%%%%%%%%%%%%%%%%%%%%%%%%%%%%%%%%%%%%%%%%%%%%%%%%%%%%%%%%%
% THz Spectroscopy
@article{hangyo2005terahertz,
	title        = {Terahertz time-domain spectroscopy of solids: a review},
	author       = {Hangyo, M and Tani, M and Nagashima, T},
	year         = 2005,
	month        = nov,
	journal      = {Int. J. Infrared Millim. Waves},
	volume       = 26,
	number       = 12,
	pages        = {1661--1690}
}
@article{davies2008terahertz,
	title        = {Terahertz spectroscopy of explosives and drugs},
	author       = {Davies, A Giles and Burnett, Andrew D and Fan, Wenhui and Linfield, Edmund H and Cunningham, John E},
	year         = 2008,
	month        = mar,
	journal      = {Mater. Today},
	volume       = 11,
	number       = 3,
	pages        = {18--26}
}
@article{fukunaga2010terahertz,
	title        = {Terahertz spectroscopy applied to the analysis of artists’ materials},
	author       = {Fukunaga, Kaori and Picollo, Marcello},
	year         = 2010,
	month        = mar,
	journal      = {Appl. Phys. A: Mater. Sci. Process.},
	volume       = 100,
	number       = 3,
	pages        = {591--597}
}
@article{fitzgerald2006terahertz,
	title        = {Terahertz pulsed imaging of human breast tumors},
	author       = {Fitzgerald, Anthony J and Wallace, Vincent P and Jimenez-Linan, Mercedes and Bobrow, Lynda and Pye, Richard J and Purushotham, Anand D and Arnone, Donald D},
	year         = 2006,
	month        = may,
	journal      = {Radiology},
	volume       = 239,
	number       = 2,
	pages        = {533--540}
}
%%%%%%%%%%%%%%%%%%%%%%%%%%%%%%%%%%%%%%%%%%%%%%%%%%%%%%%%%%%%%%%%%%%%%%%%%%%%%%%%%%%%%%%%%%%%%%%%%%%%%%%%%%%%%%%%%%%%%%%%%%%%%
% THz Survey Papers
@article{o2023perspective,
	title        = {Perspective on active submillimeter electromagnetic wave imaging using {CMOS} integrated circuits technologies},
	author       = {O, Kenneth K. and Choi, Wooyeol and Han, Ruonan},
	year         = 2023,
	month        = apr,
	journal      = {J. Appl. Phys.},
	volume       = 133,
	number       = 15
}
@article{catapano2019thz,
	title        = {{THz} imaging and data processing: State of the art and perspective},
	author       = {Catapano, Ilaria and Soldovieri, Francesco},
	year         = 2019,
	month        = oct,
	journal      = {Innovation in Near-Surface Geophysics},
	pages        = {399--417}
}
@article{batra2021short,
	title        = {Short-Range {SAR} Imaging From {GHz} to {THz} Waves},
	author       = {Batra, Aman and Barowski, Jan and Damyanov, Dilyan and Wiemeler, Michael and Rolfes, Ilona and Schultze, Thorsten and Balzer, Jan C. and Göhringer, Diana and Kaiser, Thomas},
	year         = 2021,
	month        = apr,
	journal      = {IEEE J. Microwaves},
	volume       = 1,
	number       = 2,
	pages        = {574--585}
}
@article{krozer2010terahertz,
	title        = {Terahertz imaging systems with aperture synthesis techniques},
	author       = {Krozer, Viktor and L{\"o}ffler, Torsten and Dall, J{\o}rgen and Kusk, Anders and Eichhorn, Finn and Olsson, Rasmus Kjelsmark and Buron, Jonas Due and Jepsen, Peter Uhd and Zhurbenko, Vitaliy and Jensen, Thomas},
	year         = 2010,
	month        = jun,
	journal      = {IEEE Trans. Microw. Theory Techn.},
	volume       = 58,
	number       = 7,
	pages        = {2027--2039}
}
@article{friederich2011thz,
	title        = {{THz} active imaging systems with real-time capabilities},
	author       = {Friederich, Fabian and Von Spiegel, Wolff and Bauer, Maris and Meng, Fanzhen and Thomson, Mark D and Boppel, Sebastian and Lisauskas, Alvydas and Hils, Bernd and Krozer, Viktor and Keil, Andreas and others},
	year         = 2011,
	month        = aug,
	journal      = {IEEE Trans. Terahertz Sci. Technol.},
	volume       = 1,
	number       = 1,
	pages        = {183--200}
}
@incollection{chakraborty2020survey,
	title        = {A Survey on Machine Learning Techniques for {THz} Image Analysis},
	author       = {Chakraborty, Basabi and Sen, Rikta and Mandal, Ashis Kumar},
	year         = 2020,
	month        = aug,
	booktitle    = {Terahertz Biomedical and Healthcare Technologies: Materials to Devices},
	pages        = {167--176}
}
%%%%%%%%%%%%%%%%%%%%%%%%%%%%%%%%%%%%%%%%%%%%%%%%%%%%%%%%%%%%%%%%%%%%%%%%%%%%%%%%%%%%%%%%%%%%%%%%%%%%%%%%%%%%%%%%%%%%%%%%%%%%%
% THz IoT
@article{hong2021radar,
	title        = {Radar--Communication Integration for {6G} Massive {IoT} Services},
	author       = {Hong, Haohui and Zhao, Jingcheng and Hong, Tao and Tang, Tao},
	year         = 2021,
	month        = mar,
	journal      = {IEEE Internet Things J.},
	volume       = 9,
	number       = 16,
	pages        = {14511--14520}
}
@article{min2021early,
	title        = {Early gesture recognition with reliable accuracy based on high-resolution {IoT} radar sensors},
	author       = {Min, Rui and Wang, Xing and Zou, Jie and Gao, Jing and Wang, Liying and Cao, Zongjie},
	year         = 2021,
	month        = apr,
	journal      = {IEEE Internet Things J.},
	volume       = 8,
	number       = 20,
	pages        = {15396--15406}
}
@incollection{banerjee2020medical,
	title        = {Medical imaging, artificial intelligence, internet of things, wearable devices in terahertz healthcare technologies},
	author       = {Banerjee, Amit and Chakraborty, Chinmay and Rathi Sr, Megha},
	year         = 2020,
	month        = aug,
	booktitle    = {Terahertz Biomedical and Healthcare Technologies: Materials to Devices},
	pages        = {145--165}
}
@article{gezimati2023terahertz,
	title        = {Terahertz Imaging and Sensing for Healthcare: Current Status and Future Perspectives},
	author       = {Gezimati, Mavis and Singh, Ghanshyam},
	year         = 2023,
	month        = feb,
	journal      = {IEEE Access},
	volume       = 11,
	pages        = {18590--18619}
}
%%%%%%%%%%%%%%%%%%%%%%%%%%%%%%%%%%%%%%%%%%%%%%%%%%%%%%%%%%%%%%%%%%%%%%%%%%%%%%%%%%%%%%%%%%%%%%%%%%%%%%%%%%%%%%%%%%%%%%%%%%%%%
% THz NLOS
@article{ou2022computational,
	title        = {Computational adaptive optics for high-resolution non-line-of-sight imaging},
	author       = {Ou, Zhan and Wu, Jiamin and Yang, Yuhao and Zheng, Xiaoping},
	year         = 2022,
	month        = jan,
	journal      = {Opt. Express},
	volume       = 30,
	number       = 3,
	pages        = {4583--4591}
}
@inproceedings{batra2021long,
	title        = {Long-Range Non-Line of Sight {THz} Sensing},
	author       = {Batra, Aman and Alam, Jahangir and Wiemeler, Michael and Goehringer, Diana and Kaiser, Thomas},
	year         = 2021,
	month        = aug,
	booktitle    = {Proc. IEEE 46th Int. Conf Infrared, Millimeter Terahertz Waves (IRMMW-THz)},
	address      = {Chengdu, China},
	pages        = {1--2}
}
@inproceedings{doddalla2018non,
	title        = {Non-Line of Sight Terahertz Imaging from a Single Viewpoint},
	author       = {Doddalla, Sai kiran and Trichopoulos, Georgios C.},
	year         = 2018,
	month        = jun,
	booktitle    = {Proc. IEEE/MTT-S Int. Microw. Symp. (IMS)},
	address      = {Philadelphia, PA, USA},
	pages        = {1527--1529}
}
@inproceedings{wei2021non,
	title        = {Non-Line-Of-Sight Imaging by Millimeter Wave Radar},
	author       = {Wei, Jinshan and Wei, Shunjun and Liu, Xinyuan and Wang, Mou and Shi, Jun and Zhang, Xiaoling},
	year         = 2021,
	month        = jul,
	booktitle    = {Proc. IEEE Int. Geosci. Remote Sens. Symp. (IGARSS)},
	address      = {Brussels, Belgium},
	pages        = {2983--2986}
}
@article{grossman2022passive,
	title        = {Passive Terahertz Non-Line-of-Sight Imaging},
	author       = {Grossman, Erich N. and Sasaki, Takahiro and Leger, James R.},
	year         = 2022,
	month        = may,
	journal      = {IEEE Trans. Terahertz Sci. Technol.},
	volume       = 12,
	number       = 5,
	pages        = {489--498}
}
@article{cui2022seeing,
	title        = {Seeing Around Obstacles with Terahertz Waves},
	author       = {Cui, Yiran and Trichopoulos, Georgios C},
	year         = 2022,
	month        = may,
	journal      = {arXiv preprint arXiv:2205.05066}
}
%%%%%%%%%%%%%%%%%%%%%%%%%%%%%%%%%%%%%%%%%%%%%%%%%%%%%%%%%%%%%%%%%%%%%%%%%%%%%%%%%%%%%%%%%%%%%%%%%%%%%%%%%%%%%%%%%%%%%%%%%%%%%
% THz Joint Sensing and Communications
@article{sarieddeen2020next,
	title        = {Next generation terahertz communications: A rendezvous of sensing, imaging, and localization},
	author       = {Sarieddeen, Hadi and Saeed, Nasir and Al-Naffouri, Tareq Y and Alouini, Mohamed-Slim},
	year         = 2020,
	month        = may,
	journal      = {IEEE Commun. Mag.},
	volume       = 58,
	number       = 5,
	pages        = {69--75}
}
@article{chaccour2022seven,
	title        = {Seven defining features of terahertz {(THz)} wireless systems: A fellowship of communication and sensing},
	author       = {Chaccour, Christina and Soorki, Mehdi Naderi and Saad, Walid and Bennis, Mehdi and Popovski, Petar and Debbah, M{\'e}rouane},
	year         = 2022,
	month        = jan,
	journal      = {IEEE Commun. Surv.},
	volume       = 24,
	number       = 2,
	pages        = {967--993}
}
@inproceedings{li2021Integrated,
	title        = {Integrated Sensing and Communication in {6G} A Prototype of High Resolution {THz} Sensing on Portable Device},
	author       = {Li, Oupeng and He, Jia and Zeng, Kun and Yu, Ziming and Du, Xianfeng and Liang, Yuan and Wang, Guangiian and Chen, Yan and Zhu, Peiying and Tong, Wen and Lister, David and Ibbotson, Luke},
	year         = 2021,
	month        = jun,
	booktitle    = {Proc. IEEE Eur. Conf. Netw. Commun. 6G Summit (EuCNC/6G)},
	address      = {Porto, Portugal},
	pages        = {544--549}
}
@inproceedings{aliaga2023enhancing,
	title        = {Enhancing Joint Communications and Sensing for {CubeSat} Networks in the Terahertz Band through Orbital Angular Momentum},
	author       = {Aliaga, Sergi and Alqaraghuli, Ali J and Singh, Arjun and Jornet, Josep M},
	year         = 2023,
	month        = mar,
	booktitle    = {Proc. IEEE Aerosp.},
	address      = {Big Sky, MT, USA},
	pages        = {1--14},
	organization = {IEEE}
}
@article{chang2022integrated,
	title        = {Integrated scheduling of sensing, communication, and control for {mmWave/THz} communications in cellular connected {UAV} networks},
	author       = {Chang, Bo and Tang, Wei and Yan, Xiaoyu and Tong, Xin and Chen, Zhi},
	year         = 2022,
	month        = mar,
	journal      = {IEEE J. Sel. Areas Commun.},
	volume       = 40,
	number       = 7,
	pages        = {2103--2113}
}
@inproceedings{aliaga2022joint,
	title        = {Joint Terahertz Communication and Atmospheric Sensing in Low Earth Orbit Satellite Networks: Physical Layer Design},
	author       = {Aliaga, Sergi and Alqaraghuli, Ali J and Jornet, Josep M},
	year         = 2022,
	month        = jun,
	booktitle    = {Proc. IEEE 23rd Int. Symp. World Wireless, Mobile Multimedia Netw. (WoWMoM)},
	address      = {Belfast, United Kingdom},
	pages        = {457--463}
}
@article{petrov2019on,
	title        = {On Unified Vehicular Communications and Radar Sensing in Millimeter-Wave and Low Terahertz Bands},
	author       = {Petrov, Vitaly and Fodor, Gabor and Kokkoniemi, Joonas and Moltchanov, Dmitri and Lehtomaki, Janne and Andreev, Sergey and Koucheryavy, Yevgeni and Juntti, Markku and Valkama, Mikko},
	year         = 2019,
	month        = may,
	journal      = {IEEE Wirel. Commun.},
	volume       = 26,
	number       = 3,
	pages        = {146--153}
}
%%%%%%%%%%%%%%%%%%%%%%%%%%%%%%%%%%%%%%%%%%%%%%%%%%%%%%%%%%%%%%%%%%%%%%%%%%%%%%%%%%%%%%%%%%%%%%%%%%%%%%%%%%%%%%%%%%%%%%%%%%%%%
% Concealed Weapon Detection
@inproceedings{carrer2014concealed,
	title        = {Concealed weapon detection using {UWB 3-D} radar imaging and automatic target recognition},
	author       = {Carrer, Leonardo and Yarovoy, Alexander G},
	year         = 2014,
	month        = apr,
	booktitle    = {Proc. 8th Eur. Conf. Antennas Propag. (EuCAP)},
	address      = {The Hague, Netherlands},
	pages        = {2786--2790}
}
@inproceedings{zhuge2012automatic,
	title        = {Automatic target recognition in ultra-wideband {3-D} images for concealed weapon detection},
	author       = {Zhuge, Xiaodong and Yarovoy, Alexander},
	year         = 2012,
	month        = apr,
	booktitle    = {Proc. 9th Eur. Conf. Synth. Aperture Radar (EUSAR)},
	address      = {Nuremberg, Germany},
	pages        = {186--188}
}
@article{su2023object,
	title        = {Object Recognition for Millimeter Wave {MIMO-SAR} Images Based on High-resolution Feature Recursive Alignment Fusion Network},
	author       = {Su, Bofeng and Yuan, Minghui},
	year         = 2023,
	month        = jun,
	journal      = {IEEE Sensors J.},
	pages        = {1--15}
}
%%%%%%%%%%%%%%%%%%%%%%%%%%%%%%%%%%%%%%%%%%%%%%%%%%%%%%%%%%%%%%%%%%%%%%%%%%%%%%%%%%%%%%%%%%%%%%%%%%%%%%%%%%%%%%%%%%%%%%%%%%%%%
% Radar + Transformers
@article{zheng2021dynamic,
	title        = {Dynamic Hand Gesture Recognition in In-Vehicle Environment Based on {FMCW} Radar and Transformer},
	author       = {Zheng, Lianqing and Bai, Jie and Zhu, Xichan and Huang, Libo and Shan, Chewu and Wu, Qiong and Zhang, Lei},
	year         = 2021,
	month        = sep,
	journal      = {Sensors},
	volume       = 21,
	number       = 19,
	pages        = 6368
}
@article{bai2021radar,
	title        = {Radar Transformer: An Object Classification Network Based on {4D} {MMW} Imaging Radar},
	author       = {Bai, Jie and Zheng, Lianqing and Li, Sen and Tan, Bin and Chen, Sihan and Huang, Libo},
	year         = 2021,
	month        = jun,
	journal      = {Sensors},
	volume       = 21,
	number       = 11,
	pages        = 3854
}
@article{ma2021end,
	title        = {End-to-End Method with Transformer for {3D} Detection of Oil Tank from Single {SAR} Image},
	author       = {Ma, Chao and Zhang, Yueting and Guo, Jiayi and Hu, Yuxin and Geng, Xiurui and Li, Fangfang and Lei, Bin and Ding, Chibiao},
	year         = 2021,
	month        = nov,
	journal      = {IEEE Trans. Geosci. Remote Sens.},
	volume       = 60,
	pages        = {1--19}
}
@article{dong2021exploring,
	title        = {Exploring Vision Transformers for Polarimetric {SAR} Image Classification},
	author       = {Dong, Hongwei and Zhang, Lamei and Zou, Bin},
	year         = 2021,
	month        = nov,
	journal      = {IEEE Trans. Geosci. Remote Sens.},
	volume       = 60,
	pages        = {1--15}
}
%%%%%%%%%%%%%%%%%%%%%%%%%%%%%%%%%%%%%%%%%%%%%%%%%%%%%%%%%%%%%%%%%%%%%%%%%%%%%%%%%%%%%%%%%%%%%%%%%%%%%%%%%%%%%%%%%%%%%%%%%%%%%
% 1-D Circular SAR (CSAR) 2-D Imaging
@inproceedings{demirci2011back,
	title        = {Back-projection algorithm for {ISAR} imaging of near-field concealed objects},
	author       = {Demirci, Sevket and Cetinkaya, Harun and Tekbas, Mustafa and Yigit, Enes and Ozdemir, Caner and Vertiy, Alexey},
	year         = 2011,
	month        = aug,
	booktitle    = {Proc. 30th URSI Gen. Assem. Sci. Symp. (URSI GASS)},
	address      = {Istanbul, Turkey},
	pages        = {1--4}
}
@inproceedings{jia2014modifiedBPA,
	title        = {Modified back projection reconstruction for circular {FMCW SAR}},
	author       = {Jia, Gaowei and Chang, Wenge},
	year         = 2014,
	month        = oct,
	booktitle    = {Proc. Inter. Radar Conf.},
	address      = {Lille, France},
	pages        = {1--5}
}
%%%%%%%%%%%%%%%%%%%%%%%%%%%%%%%%%%%%%%%%%%%%%%%%%%%%%%%%%%%%%%%%%%%%%%%%%%%%%%%%%%%%%%%%%%%%%%%%%%%%%%%%%%%%%%%%%%%%%%%%%%%%%
% 2-D Cylindrical SAR (CSAR) 3-D Imaging
@book{amineh2019real,
	title        = {Real-Time Three-Dimensional Imaging of Dielectric Bodies Using Microwave/Millimeter Wave Holography},
	author       = {Amineh, Reza K and Nikolova, Natalia K and Ravan, Maryam},
	year         = 2019,
	publisher    = {John Wiley \& Sons}
}
@article{fortuny2001extension,
	title        = {Extension of the {3-D} range migration algorithm to cylindrical and spherical scanning geometries},
	author       = {Fortuny-Guasch, Joaquim and Lopez-Sanchez, Juan M},
	year         = 2001,
	month        = oct,
	journal      = {IEEE Trans. Antennas Propag.},
	volume       = 49,
	number       = 10,
	pages        = {1434--1444}
}
@inproceedings{detlefsen2005effective,
	title        = {Effective reconstruction approaches to millimeter-wave imaging of humans},
	author       = {Detlefsen, J and Dallinger, A and Huber, S and Schelkshorn, S and und Schaltungen, Fachgebiet Hochfrequente Felder},
	year         = 2005,
	month        = oct,
	booktitle    = {Proc. XXVIIIth URSI Gen. Assem. Sci. Symp. (URSI GASS)},
	address      = {New Delhi, India},
	pages        = {23--29}
}
@article{laviada2017multiview,
	title        = {Multiview three-dimensional reconstruction by millimetre-wave portable camera},
	author       = {Laviada, Jaime and Arboleya-Arboleya, Ana and {\'A}lvarez, Yuri	and Gonz{\'a}lez-Vald{\'e}s, Borja and Las-Heras, Fernando},
	year         = 2017,
	month        = jul,
	journal      = {Sci. Rep.},
	volume       = 7,
	number       = 1,
	pages        = {6479--6479}
}
@article{berland2021cylindricalMIMOSAR,
	title        = {Cylindrical {MIMO-SAR} Imaging and Associated {3-D} {Fourier} Processings},
	author       = {Berland, Fabien and Fromenteze, Thomas and Decroze, Cyril and Kpre, Ettien and Boudesocque, Damien and Pateloup, Vincent and Di Bin, Philippe and Aupetit-Berthelemot, Christelle},
	year         = 2021,
	month        = nov,
	journal      = {IEEE Open J. Antennas Propag.},
	volume       = 3,
	pages        = {196--205}
}
@article{bryant20033,
	title        = {{3-D E-CSAR} imaging of a {T-72} tank and synthesis of its {SAR} reconstructions},
	author       = {Bryant, Michael L and Gostin, Lamar L and Soumekh, Mehrdad},
	year         = 2003,
	month        = jan,
	journal      = {IEEE Trans. Aerosp. Electron. Syst.},
	volume       = 39,
	number       = 1,
	pages        = {211--227}
}
%%%%%%%%%%%%%%%%%%%%%%%%%%%%%%%%%%%%%%%%%%%%%%%%%%%%%%%%%%%%%%%%%%%%%%%%%%%%%%%%%%%%%%%%%%%%%%%%%%%%%%%%%%%%%%%%%%%%%%%%%%%%%
% 1-D Linear SAR 2-D Imaging
@article{paul2021systematic,
	title        = {A Systematic Comparison of Near-Field Beamforming and {Fourier}-Based Backward-Wave Holographic Imaging},
	author       = {Paul, Sebastian and Schwartau, Fabian and Krueckemeier, Markus and Caspary, Reinhard and Monka-Ewe, Carsten and Schoebel, Joerg and Kowalsky, Wolfgang},
	year         = 2021,
	month        = aug,
	journal      = {IEEE Open J. Antennas Propag.},
	volume       = 2,
	pages        = {921--931}
}
@article{maisto2021sensor,
	title        = {Sensor Arrangement in Monostatic Subsurface Radar Imaging},
	author       = {Maisto, Maria Antonia and Pierri, Rocco and Solimene, Raffaele},
	year         = 2020,
	month        = nov,
	journal      = {IEEE Open J. Antennas Propag.},
	volume       = 2,
	pages        = {3--13}
}
@inproceedings{na2004performance,
	title        = {Performance evaluation of back-projection and range migration algorithms in foliage penetration radar imaging},
	author       = {Na, Yibo and Sun, Hongbo and Lee, Yee Hui and Tai, Ling Chiat and Chan, Hian Lim},
	year         = 2004,
	month        = oct,
	booktitle    = {Proc. IEEE Int. Conf. Image Process. (ICIP)},
	address      = {Singapore},
	volume       = 1,
	pages        = {21--24}
}
%%%%%%%%%%%%%%%%%%%%%%%%%%%%%%%%%%%%%%%%%%%%%%%%%%%%%%%%%%%%%%%%%%%%%%%%%%%%%%%%%%%%%%%%%%%%%%%%%%%%%%%%%%%%%%%%%%%%%%%%%%%%%
% 2-D Rectilinear SAR 2-D Imaging
@article{guo2019millimeter,
	title        = {Millimeter-wave imaging with accelerated super-resolution range migration algorithm},
	author       = {Guo, Qijia and Liang, Jie and Chang, Tianying and Cui, Hong-Liang},
	year         = 2019,
	month        = jul,
	journal      = {IEEE Trans. Microw. Theory Techn.},
	volume       = 67,
	number       = 11,
	pages        = {4610--4621}
}
%%%%%%%%%%%%%%%%%%%%%%%%%%%%%%%%%%%%%%%%%%%%%%%%%%%%%%%%%%%%%%%%%%%%%%%%%%%%%%%%%%%%%%%%%%%%%%%%%%%%%%%%%%%%%%%%%%%%%%%%%%%%%
% 2-D Rectilinear SAR 3-D Imaging
@article{lopez20003,
	title        = {{3-D} radar imaging using range migration techniques},
	author       = {Lopez-Sanchez, Juan M and Fortuny-Guasch, Joaquim},
	year         = 2000,
	month        = may,
	journal      = {IEEE Trans. Antennas Propag.},
	volume       = 48,
	number       = 5,
	pages        = {728--737}
}
@article{zhuge2010sparse,
	title        = {A sparse aperture {MIMO-SAR}-based {UWB} imaging system for concealed weapon detection},
	author       = {Zhuge, Xiaodong and Yarovoy, Alexander G},
	year         = 2010,
	month        = jul,
	journal      = {IEEE Trans. Geosci. Remote Sens.},
	volume       = 49,
	number       = 1,
	pages        = {509--518}
}
@article{savelyev2010comparison,
	title        = {Comparison of 10-18 {GHz SAR and MIMO}-based short-range imaging radars},
	author       = {Savelyev, Timofey and Zhuge, Xiaodong and Yang, Bill and Aubry, Pascal and Yarovoy, Alexander and Ligthart, Leo and Levitas, Boris},
	year         = 2010,
	month        = aug,
	journal      = {Int. J. Microw. Wireless Techn.},
	volume       = 2,
	number       = {3--4},
	pages        = 369
}
@article{fan2020linearMIMOArbitraryTopologies,
	title        = {Near-Field {3D SAR} Imaging Using a Scanning Linear {MIMO} Array With Arbitrary Topologies},
	author       = {B. {Fan} and J. {Gao} and H. {Li} and Z. {Jiang} and Y. {He}},
	year         = 2019,
	month        = dec,
	journal      = {IEEE Access},
	volume       = 8,
	pages        = {6782--6791}
}
@inproceedings{mohammadian2019sar,
	title        = {{SAR} millimeter wave imaging systems},
	author       = {Mohammadian, Nafiseh and Furxhi, Orges and Short, Robert and Driggers, Ronald},
	year         = 2019,
	month        = may,
	booktitle    = {Proc. SPIE},
	address      = {Baltimore, MD, USA},
	volume       = 10994,
	pages        = {109940A}
}
@article{zhuge2012three,
	title        = {Three-dimensional near-field {MIMO} array imaging using range migration techniques},
	author       = {Zhuge, Xiaodong and Yarovoy, Alexander G},
	year         = 2012,
	month        = feb,
	journal      = {IEEE Trans. Image Process.},
	volume       = 21,
	number       = 6,
	pages        = {3026--3033}
}
@article{zhu2017range,
	title        = {Range migration algorithm for near-field {MIMO-SAR} imaging},
	author       = {Zhu, Rongqiang and Zhou, Jianxiong and Jiang, Ge and Fu, Qiang},
	year         = 2017,
	month        = nov,
	journal      = {IEEE Geosci. Remote Sens. Lett.},
	volume       = 14,
	number       = 12,
	pages        = {2280--2284}
}
@article{qiao2015compressive,
	title        = {Compressive sensing for direct millimeter-wave holographic imaging},
	author       = {Lingbo Qiao and Yingxin Wang and Zongjun Shen and Ziran Zhao and Zhiqiang Chen},
	year         = 2015,
	month        = apr,
	journal      = {Appl. Opt.},
	volume       = 54,
	number       = 11,
	pages        = {3280--3289}
}
%%%%%%%%%%%%%%%%%%%%%%%%%%%%%%%%%%%%%%%%%%%%%%%%%%%%%%%%%%%%%%%%%%%%%%%%%%%%%%%%%%%%%%%%%%%%%%%%%%%%%%%%%%%%%%%%%%%%%%%%%%%%%
% MIMO-SAR
@inproceedings{bliss2003multiple,
	title        = {Multiple-input multiple-output ({MIMO}) radar and imaging: degrees of freedom and resolution},
	author       = {Bliss, DW and Forsythe, KW},
	year         = 2003,
	month        = nov,
	booktitle    = {Proc. 37th Conf. Rec. Asilomar Conf. Signals Syst. Comput. (ACSSC)},
	address      = {Pacific Grove, CA, USA},
	volume       = 1,
	pages        = {54--59}
}
@article{li2007mimo,
	title        = {{MIMO} radar with colocated antennas},
	author       = {Li, Jian and Stoica, Petre},
	year         = 2007,
	month        = oct,
	journal      = {IEEE Signal Process. Mag.},
	volume       = 24,
	number       = 5,
	pages        = {106--114}
}
@inproceedings{ender2009systemMIMOSAR,
	title        = {System architectures and algorithms for radar imaging by {MIMO-SAR}},
	author       = {Ender, Joachim H. G. and Klare, Jens},
	year         = 2009,
	month        = may,
	booktitle    = {Proc. IEEE Radar Conf. (RadarConf)},
	address      = {Pasadena, CA, USA},
	pages        = {1--6}
}
@article{wang2019near,
	title        = {Near-Field {3-D} Millimeter-Wave Imaging Using {MIMO} {RMA} With Range Compensation},
	author       = {Wang, Zhongmin and Guo, Qijia and Tian, Xianzhong and Chang, Tianying and Cui, Hong-Liang},
	year         = 2019,
	month        = dec,
	journal      = {IEEE Trans. Microw. Theory Techn.},
	volume       = 67,
	number       = 3,
	pages        = {1157--1166}
}
%%%%%%%%%%%%%%%%%%%%%%%%%%%%%%%%%%%%%%%%%%%%%%%%%%%%%%%%%%%%%%%%%%%%%%%%%%%%%%%%%%%%%%%%%%%%%%%%%%%%%%%%%%%%%%%%%%%%%%%%%%%%%
% MIMO-RAR Imaging
@article{wang20203,
	title        = {{3-D} Short-Range Imaging With Irregular {MIMO} Arrays Using {NUFFT}-Based Range Migration Algorithm},
	author       = {Wang, Jianping and Aubry, Pascal and Yarovoy, Alexander},
	year         = 2020,
	month        = jan,
	journal      = {IEEE Trans. Geosci. Remote Sens.},
	volume       = 58,
	number       = 7,
	pages        = {4730--4742}
}
%%%%%%%%%%%%%%%%%%%%%%%%%%%%%%%%%%%%%%%%%%%%%%%%%%%%%%%%%%%%%%%%%%%%%%%%%%%%%%%%%%%%%%%%%%%%%%%%%%%%%%%%%%%%%%%%%%%%%%%%%%%%%
% Reove Sensing SAR Survey
@article{li2023survey,
	title        = {A Survey on Deep-Learning-Based Real-Time {SAR} Ship Detection},
	author       = {Li, Jianwei and Chen, Jie and Cheng, Pu and Yu, Zhentao and Yu, Lu and Chi, Cheng},
	year         = 2023,
	month        = mar,
	journal      = {IEEE J. Sel. Top. Appl. Earth Obs. Remote Sens.},
	volume       = 16,
	pages        = {3218--3247}
}
@article{zhu2021deep,
	title        = {Deep Learning Meets {SAR}: Concepts, models, pitfalls, and perspectives},
	author       = {Zhu, Xiao Xiang and Montazeri, Sina and Ali, Mohsin and Hua, Yuansheng and Wang, Yuanyuan and Mou, Lichao and Shi, Yilei and Xu, Feng and Bamler, Richard},
	year         = 2021,
	month        = feb,
	journal      = {IEEE Trans. Geosci. Remote Sens.},
	volume       = 9,
	number       = 4,
	pages        = {143--172}
}
%%%%%%%%%%%%%%%%%%%%%%%%%%%%%%%%%%%%%%%%%%%%%%%%%%%%%%%%%%%%%%%%%%%%%%%%%%%%%%%%%%%%%%%%%%%%%%%%%%%%%%%%%%%%%%%%%%%%%%%%%%%%%
% Far-Field SAR
@article{richards2007a,
	title        = {A beginner's guide to interferometric {SAR} concepts and signal processing},
	author       = {Richards, Mark A},
	year         = 2007,
	month        = oct,
	journal      = {IEEE Aerosp. Electron. Syst. Mag.},
	volume       = 22,
	number       = 9,
	pages        = {5--29}
}
@book{franceschetti1999synthetic,
	title        = {Synthetic aperture radar processing},
	author       = {Franceschetti, Giorgio and Lanari, Riccardo},
	year         = 1999,
	publisher    = {CRC press}
}
@inproceedings{soumekh1998wide,
	title        = {Wide-bandwidth continuous-wave monostatic/bistatic synthetic aperture radar imaging},
	author       = {Soumekh, Mehrdad},
	year         = 1998,
	month        = oct,
	booktitle    = {Proc. IEEE Int. Conf. Image Process. (ICIP)},
	address      = {Chicago, IL, USA},
	pages        = {361--365}
}
@article{shin2007range,
	title        = {Range migration algorithm for airborne squint mode spotlight {SAR} imaging},
	author       = {Shin, H-S and Lim, J-T},
	year         = 2007,
	month        = feb,
	journal      = {IET Radar, Sonar, Nav.},
	volume       = 1,
	number       = 1,
	pages        = {77--82}
}
@book{soumekh1999synthetic,
	title        = {Synthetic aperture radar signal processing},
	author       = {Soumekh, Mehrdad},
	year         = 1999,
	publisher    = {New York: Wiley},
	volume       = 7
}
%%%%%%%%%%%%%%%%%%%%%%%%%%%%%%%%%%%%%%%%%%%%%%%%%%%%%%%%%%%%%%%%%%%%%%%%%%%%%%%%%%%%%%%%%%%%%%%%%%%%%%%%%%%%%%%%%%%%%%%%%%%%%
% SAR Simulators
@inproceedings{jost2005matlabToolkitSAR,
	title        = {{MATLAB}-based toolkit for an introductory course in {SAR} image processing},
	author       = {R. J. {Jost} and A. {Uppuluri}},
	year         = 2005,
	month        = may,
	booktitle    = {Proc. IEEE Radar Conf. (RadarConf)},
	address      = {Arlington, VA, USA},
	pages        = {685--690}
}
@inproceedings{Auer2016RaySAR,
	title        = {{RaySAR} - {3D SAR} simulator: now open source},
	author       = {S. {Auer} and R. {Bamler} and P. {Reinartz}},
	year         = 2016,
	month        = jul,
	booktitle    = {Proc. IEEE Int. Geosci. Remote Sens. Symp. (IGARSS)},
	address      = {Beijing, China},
	pages        = {6730--6733}
}
@inproceedings{gorham2010sar,
	title        = {{SAR} image formation toolbox for {MATLAB}},
	author       = {Gorham, LeRoy A and Moore, Linda J},
	year         = 2010,
	month        = apr,
	booktitle    = {Proc. SPIE},
	address      = {Orlando, FL, USA},
	volume       = 7699,
	pages        = 769906
}
@inproceedings{kedzierawski2011MATLAB,
	title        = {{MATLAB}/simulink applications for {SAR} system design with {FPGA}},
	author       = {Kedzierawski, Robert and Czarnecki, Witold and Leśnik, Czesław and Le Caillec, Jean-Marc},
	year         = 2011,
	month        = sep,
	booktitle    = {Proc. 12th Int. Radar Symp. (IRS)},
	address      = {Leipzig, Germany},
	pages        = {35--40}
}
@inproceedings{deo2012MATLAB,
	title        = {{MATLAB} based {SAR} signal processor for educational use},
	author       = {Deo, Rinki and Jamod, Ankit and Gopu, V. Deepika Rani and Rao, Y. S.},
	year         = 2012,
	month        = jul,
	booktitle    = {Proc. IEEE Int. Geosci. Remote Sens. Symp. (IGARSS)},
	address      = {Munich, Germany},
	pages        = {5318--5321}
}
%%%%%%%%%%%%%%%%%%%%%%%%%%%%%%%%%%%%%%%%%%%%%%%%%%%%%%%%%%%%%%%%%%%%%%%%%%%%%%%%%%%%%%%%%%%%%%%%%%%%%%%%%%%%%%%%%%%%%%%%%%%%%
% Method of Stationary Phase
@book{cook2012radar,
	title        = {Radar signals: an introduction to theory and application},
	author       = {Cook, Charles},
	year         = 2012,
	publisher    = {Elsevier}
}
@book{papoulis1968systems,
	title        = {Systems and transforms with applications in optics},
	author       = {Papoulis, Athanasios},
	year         = 1968,
	publisher    = {McGraw-Hill Series in System Science}
}
@article{mcclure2016multidimensional,
	title        = {Multidimensional stationary phase approximation: boundary stationary point},
	author       = {J.P. McClure and R. Wong},
	year         = 1990,
	month        = may,
	journal      = {J. Comput. Appl. Mathematics},
	volume       = 30,
	number       = 2,
	pages        = {213--225}
}
%%%%%%%%%%%%%%%%%%%%%%%%%%%%%%%%%%%%%%%%%%%%%%%%%%%%%%%%%%%%%%%%%%%%%%%%%%%%%%%%%%%%%%%%%%%%%%%%%%%%%%%%%%%%%%%%%%%%%%%%%%%%%
% Other Waveforms
@inproceedings{bourdoux2016PMCW,
	title        = {{PMCW} waveform and {MIMO} technique for a 79 {GHz CMOS} automotive radar},
	author       = {Bourdoux, A. and Ahmad, U. and Guermandi, D. and Brebels, S. and Dewilde, A. and Van Thillo, W.},
	year         = 2016,
	month        = jun,
	booktitle    = {Proc. IEEE Radar Conf. (RadarConf)},
	address      = {Philadelphia, PA, USA},
	pages        = {1--5}
}
@article{hakobyan2019high,
	title        = {High-performance automotive radar: A review of signal processing algorithms and modulation schemes},
	author       = {Hakobyan, Gor and Yang, Bin},
	year         = 2019,
	month        = sep,
	journal      = {IEEE Signal Process. Mag.},
	volume       = 36,
	number       = 5,
	pages        = {32--44}
}
@article{wang2012interleaved,
	title        = {Interleaved {OFDM} radar signals for simultaneous polarimetric measurements},
	author       = {Wang, Zongbo and Tigrek, Firat and Krasnov, Oleg and Van Der Zwan, Fred and Van Genderen, Piet and Yarovoy, Alexander},
	year         = 2012,
	month        = jul,
	journal      = {IEEE Trans. Aerosp. Electron. Syst.},
	volume       = 48,
	number       = 3,
	pages        = {2085--2099}
}
@article{schweizer2018stepped,
	title        = {Stepped-Carrier {OFDM}-Radar Processing Scheme to Retrieve High-Resolution Range-Velocity Profile at Low Sampling Rate},
	author       = {Schweizer, Benedikt and Knill, Christina and Schindler, Daniel and Waldschmidt, Christian},
	year         = 2018,
	month        = mar,
	journal      = {IEEE Trans. Microw. Theory Techn.},
	volume       = 66,
	number       = 3,
	pages        = {1610--1618}
}
@article{roos2019radar,
	title        = {Radar Sensors for Autonomous Driving: Modulation Schemes and Interference Mitigation},
	author       = {Roos, Fabian and Bechter, Jonathan and Knill, Christina and Schweizer, Benedikt and Waldschmidt, Christian},
	year         = 2019,
	month        = aug,
	journal      = {IEEE Microw. Mag.},
	volume       = 20,
	number       = 9,
	pages        = {58--72}
}
@article{zhang2015ofdm,
	title        = {{OFDM} Synthetic Aperture Radar Imaging With Sufficient Cyclic Prefix},
	author       = {Zhang, Tianxian and Xia, Xiang-Gen},
	year         = 2015,
	month        = jan,
	journal      = {IEEE Trans. Geosci. Remote Sens.},
	volume       = 53,
	number       = 1,
	pages        = {394--404}
}
@article{schindler2018mimo,
	title        = {{MIMO-OFDM} radar using a linear frequency modulated carrier to reduce sampling requirements},
	author       = {Schindler, Daniel and Schweizer, Benedikt and Knill, Christina and Hasch, Juergen and Waldschmidt, Christian},
	year         = 2018,
	month        = jul,
	journal      = {IEEE Trans. Microw. Theory Techn.},
	volume       = 66,
	number       = 7,
	pages        = {3511--3520}
}
@article{knill2018high,
	title        = {High range and Doppler resolution by application of compressed sensing using low baseband bandwidth {OFDM} radar},
	author       = {Knill, Christina and Schweizer, Benedikt and Sparrer, Susanne and Roos, Fabian and Fischer, Robert FH and Waldschmidt, Christian},
	year         = 2018,
	month        = jul,
	journal      = {IEEE Trans. Microw. Theory Techn.},
	volume       = 66,
	number       = 7,
	pages        = {3535--3546}
}
@inproceedings{van2013almost,
	title        = {Almost perfect auto-correlation sequences for binary phase-modulated continuous wave radar},
	author       = {Van Thillo, Wim and Gioffr{\'e}, Patrick and Giannini, Vito and Guermandi, Davide and Brebels, Steven and Bourdoux, Andr{\'e}},
	year         = 2013,
	month        = oct,
	booktitle    = {Proc. Eur. Radar Conf.},
	address      = {Nuremberg, Germany},
	pages        = {491--494}
}
%%%%%%%%%%%%%%%%%%%%%%%%%%%%%%%%%%%%%%%%%%%%%%%%%%%%%%%%%%%%%%%%%%%%%%%%%%%%%%%%%%%%%%%%%%%%%%%%%%%%%%%%%%%%%%%%%%%%%%%%%%%%%
% 5G / 6G Sensing + Communication
@article{munochiveyi2021reconfigurable,
	title        = {Reconfigurable Intelligent Surface Aided Multi-User Communications: State-of-the-Art Techniques and Open Issues},
	author       = {Munochiveyi, Munyaradzi and Pogaku, Arjun Chakravarthi and Do, Dinh-Thuan and Le, Anh-Tu and Voznak, Miroslav and Nguyen, Nhan Duc},
	year         = 2021,
	month        = aug,
	journal      = {IEEE Access},
	volume       = 9,
	pages        = {118584--118605}
}
@article{she2021tutorial,
	title        = {A Tutorial on Ultrareliable and Low-Latency Communications in {6G}: Integrating Domain Knowledge Into Deep Learning},
	author       = {She, Changyang and Sun, Chengjian and Gu, Zhouyou and Li, Yonghui and Yang, Chenyang and Poor, H. Vincent and Vucetic, Branka},
	year         = 2021,
	month        = mar,
	journal      = {Proc. IEEE},
	volume       = 109,
	number       = 3,
	pages        = {204--246}
}
%%%%%%%%%%%%%%%%%%%%%%%%%%%%%%%%%%%%%%%%%%%%%%%%%%%%%%%%%%%%%%%%%%%%%%%%%%%%%%%%%%%%%%%%%%%%%%%%%%%%%%%%%%%%%%%%%%%%%%%%%%%%%
% NUFFT
@article{greengard2006nufft,
	title        = {Accelerating the nonuniform fast {Fourier} transform},
	author       = {Greengard, Leslie and Lee, June-Yub},
	year         = 2006,
	month        = aug,
	journal      = {SIAM Rev.},
	volume       = 46,
	number       = 3,
	pages        = {443--454}
}
%%%%%%%%%%%%%%%%%%%%%%%%%%%%%%%%%%%%%%%%%%%%%%%%%%%%%%%%%%%%%%%%%%%%%%%%%%%%%%%%%%%%%%%%%%%%%%%%%%%%%%%%%%%%%%%%%%%%%%%%%%%%%
% Multiband Radar
@article{zhang2011high,
	title        = {High-Resolution {ISAR} Imaging With Sparse Stepped-Frequency Waveforms},
	author       = {Zhang, Lei and Qiao, Zhi-jun and Xing, Mengdao and Li, Yachao and Bao, Zheng},
	year         = 2011,
	month        = jun,
	journal      = {IEEE Trans. Geosci. Remote Sens.},
	volume       = 49,
	number       = 11,
	pages        = {4630--4651}
}
@article{li2008mft,
	title        = {Data-Level Fusion of Multilook Inverse Synthetic Aperture Radar Images},
	author       = {Li, Zhixi and Papson, Scott and Narayanan, Ram M.},
	year         = 2008,
	month        = apr,
	journal      = {IEEE Trans. Geosci. Remote Sens.},
	volume       = 46,
	number       = 5,
	pages        = {1394--1406}
}
@article{zou2016matrix,
	title        = {A matrix pencil algorithm based multiband iterative fusion imaging method},
	author       = {Zou, Yong Qiang and Gao, Xun Zhang and Li, Xiang and Liu, Yong Xiang},
	year         = 2016,
	month        = jan,
	journal      = {Sci. Rep.},
	volume       = 6,
	number       = 1,
	pages        = {1--10}
}
@article{zhang2014coherent,
	title        = {Coherent processing and superresolution technique of multi-band radar data based on fast sparse {Bayesian} learning algorithm},
	author       = {Zhang, Huan Huan and Chen, Ru Shan},
	year         = 2014,
	month        = dec,
	journal      = {IEEE Trans. Antennas Propag.},
	volume       = 62,
	number       = 12,
	pages        = {6217--6227}
}
@article{tian2013multiband,
	title        = {Multiband radar signal coherent fusion processing with {IAA} and {apFFT}},
	author       = {Tian, Jihua and Sun, Jinping and Wang, Guohua and Wang, Yanping and Tan, Weixian},
	year         = 2013,
	month        = may,
	journal      = {IEEE Signal Process. Lett.},
	volume       = 20,
	number       = 5,
	pages        = {463--466}
}
@article{sarkar1995mpa,
	title        = {Using the matrix pencil method to estimate the parameters of a sum of complex exponentials},
	author       = {Sarkar, T.K. and Pereira, O.},
	year         = 1995,
	month        = feb,
	journal      = {IEEE Antennas Propag. Mag.},
	volume       = 37,
	number       = 1,
	pages        = {48--55}
}
@article{cuomo1999ultrawide,
	title        = {Ultrawide-band coherent processing},
	author       = {Cuomo, Kevin M and Pion, Jean E and Mayhan, Joseph T},
	year         = 1999,
	month        = jun,
	journal      = {IEEE Trans. Antennas Propag.},
	volume       = 47,
	number       = 6,
	pages        = {1094--1107}
}
@article{tian2014sparse,
	title        = {Sparse subband fusion imaging based on parameter estimation of geometrical theory of diffraction model},
	author       = {Tian, Biao and Chen, Zengping and Xu, Shiyou},
	year         = 2014,
	month        = jul,
	journal      = {IET Radar, Sonar Navigat.},
	volume       = 8,
	number       = 4,
	pages        = {318--326}
}
@article{zhang2017multiple,
	title        = {Multiple radar subbands fusion algorithm based on support vector regression in complex noise environment},
	author       = {Zhang, Ying and Wang, Tingjing and Zhao, Huapeng and Zhang, Yanxin and Zhao, Hua},
	year         = 2018,
	month        = jan,
	journal      = {IEEE Trans. Antennas Propag.},
	volume       = 66,
	number       = 1,
	pages        = {381--392}
}
@article{wang2018wavenumber,
	title        = {Wavenumber-domain multiband signal fusion with matrix-pencil approach for high-resolution imaging},
	author       = {Wang, Jianping and Aubry, Pascal and Yarovoy, Alexander},
	year         = 2018,
	month        = apr,
	journal      = {IEEE Trans. Geosci. Remote Sens.},
	volume       = 56,
	number       = 7,
	pages        = {4037--4049}
}
@inproceedings{wang2019multi,
	title        = {Multi-Band Synthesis of Wideband Radar based on Compressed Sensing},
	author       = {Wang, Xiaobo and Jiang, Tiezhen},
	year         = 2019,
	month        = aug,
	booktitle    = {Proc. Int. Appl. Comput. Electromagn. Soc. Symp. China (ACES-China)},
	address      = {Nanjing, China},
	pages        = {1--2}
}
%%%%%%%%%%%%%%%%%%%%%%%%%%%%%%%%%%%%%%%%%%%%%%%%%%%%%%%%%%%%%%%%%%%%%%%%%%%%%%%%%%%%%%%%%%%%%%%%%%%%%%%%%%%%%%%%%%%%%%%%%%%%%
% Radar Datasets
@article{wei2021_3DRIED,
	title        = {{3DRIED}: A High-Resolution {3-D} Millimeter-Wave Radar Dataset Dedicated to Imaging and Evaluation},
	author       = {Wei, Shunjun and Zhou, Zichen and Wang, Mou and Wei, Jinshan and Liu, Shan and Shi, Jun and Zhang, Xiaoling and Fan, Fan},
	year         = 2021,
	month        = aug,
	journal      = {Remote Sensing},
	volume       = 13,
	number       = 17,
	pages        = 3366
}
@inproceedings{keydel1996mstar,
	title        = {{MSTAR} extended operating conditions: A tutorial},
	author       = {Keydel, Eric R and Lee, Shung Wu and Moore, John T},
	year         = 1996,
	month        = jun,
	booktitle    = {Proc. SPIE},
	volume       = 2757,
	pages        = {228--242}
}
%%%%%%%%%%%%%%%%%%%%%%%%%%%%%%%%%%%%%%%%%%%%%%%%%%%%%%%%%%%%%%%%%%%%%%%%%%%%%%%%%%%%%%%%%%%%%%%%%%%%%%%%%%%%%%%%%%%%%%%%%%%%%
% RF Datasets
@inproceedings{oshea2016radioml,
	title        = {Convolutional radio modulation recognition networks},
	author       = {O'Shea, Timothy J and Corgan, Johnathan and Clancy, T Charles},
	year         = 2016,
	month        = sep,
	booktitle    = {Proc. Int. Conf. Eng. Appl. Neural Netw.},
	address      = {Aberdeen, United Kingdom},
	pages        = {213--226}
}
%%%%%%%%%%%%%%%%%%%%%%%%%%%%%%%%%%%%%%%%%%%%%%%%%%%%%%%%%%%%%%%%%%%%%%%%%%%%%%%%%%%%%%%%%%%%%%%%%%%%%%%%%%%%%%%%%%%%%%%%%%%%%
%% Computer Vision CV Datasets
@inproceedings{lin2014microsoft,
	title        = {Microsoft {COCO}: Common objects in context},
	author       = {Lin, Tsung-Yi and Maire, Michael and Belongie, Serge and Hays, James and Perona, Pietro and Ramanan, Deva and Doll{\'a}r, Piotr and Zitnick, C Lawrence},
	year         = 2014,
	month        = sep,
	booktitle    = {Proc. European Conf. Comput. Vis. (ECCV)},
	address      = {Zurich, Switzerland},
	pages        = {740--755}
}
%%%%%%%%%%%%%%%%%%%%%%%%%%%%%%%%%%%%%%%%%%%%%%%%%%%%%%%%%%%%%%%%%%%%%%%%%%%%%%%%%%%%%%%%%%%%%%%%%%%%%%%%%%%%%%%%%%%%%%%%%%%%%
% CNN Radar Imaging
@inproceedings{sharma2023super,
	title        = {Super-resolution Reconstruction and Denoising of {3D} Millimetre-wave Images using a Complex-valued Convolutional Neural Network},
	author       = {Sharma, Rahul and Zhang, Jiaming and Kumar, Rupesh and Deka, Bhabesh and Fusco, Vincent and Yurduseven, Okan},
	year         = 2023,
	month        = mar,
	booktitle    = {2023 17th European Conference on Antennas and Propagation (EuCAP)},
	address      = {Florence, Italy},
	pages        = {1--5}
}
@inproceedings{sun20213drimr,
	title        = {{3DRIMR}: {3D} Reconstruction and Imaging via {mmWave} Radar based on Deep Learning},
	author       = {Sun, Yue and Huang, Zhuoming and Zhang, Honggang and Cao, Zhi and Xu, Deqiang},
	year         = 2021,
	month        = oct,
	booktitle    = {Proc. IEEE Int. Perform. Comput. Commun. Conf (IPCCC)},
	address      = {Austin, TX, USA},
	pages        = {1--8}
}
@article{pan2021complexFrequencyEstimation,
	title        = {Complex-Valued Frequency Estimation Network and Its Applications to Superresolution of Radar Range Profiles},
	author       = {Pan, Pingping and Zhang, Yunjian and Deng, Zhenmiao and Wu, Gang},
	year         = 2021,
	month        = oct,
	journal      = {IEEE Trans. Geosci. Remote Sens.},
	pages        = {1--12}
}
@article{pan2021deep,
	title        = {Deep Learning-Based {2-D} Frequency Estimation of Multiple Sinusoidals},
	author       = {Pan, Pingping and Zhang, Yunjian and Deng, Zhenmiao and Qi, Wei},
	year         = 2021,
	month        = apr,
	journal      = {IEEE Trans. Neural Netw. Learn. Sys.},
	pages        = {1--12}
}
@inproceedings{izacard2019aLearning,
	title        = {A Learning-based Framework for Line-spectra Super-resolution},
	author       = {Izacard, Gautier and Bernstein, Brett and Fernandez-Granda, Carlos},
	year         = 2019,
	month        = may,
	booktitle    = {Proc. IEEE Int. Conf. Acoust. Speech Signal Process. (ICASSP)},
	address      = {Brighton, United Kingdom},
	pages        = {3632--3636}
}
@inproceedings{izacard2021datadriven,
	title        = {Data-driven Estimation of Sinusoid Frequencies},
	author       = {Izacard, Gautier and Mohan, Sreyas and Fernandez-Granda, Carlos},
	year         = 2019,
	month        = dec,
	booktitle    = {Proc. Adv. Neural Inf. Process. Syst. (NeurIPS)},
	address      = {Vancouver, BC, Canada},
	volume       = 32,
	pages        = {5127--5137}
}
@inproceedings{xie2021contaminated,
	title        = {Contaminated Multiband Signal Identification Via Deep Learning},
	author       = {Xie, Youye and Wakin, Michael B. and Tang, Gongguo},
	year         = 2021,
	month        = jul,
	booktitle    = {Proc. IEEE Stat. Signal Process. Workshop (SSP)},
	address      = {Rio de Janeiro, Brazil},
	pages        = {76--80}
}
@article{wei2021sar,
	title        = {{SAR} Parametric Super-Resolution Image Reconstruction Methods Based on {ADMM} and Deep Neural Network},
	author       = {Wei, Yangkai and Li, Yinchuan and Ding, Zegang and Wang, Yan and Zeng, Tao and Long, Teng},
	year         = 2021,
	month        = jan,
	journal      = {IEEE Trans. Geosci. Remote Sens.},
	pages        = {1--16}
}
@inproceedings{alver2019aNovel,
	title        = {A Novel Plug-and-Play {SAR} Reconstruction Framework Using Deep Priors},
	author       = {Alver, Muhammed Burak and Saleem, Ammar and Çetin, Müjdat},
	year         = 2019,
	month        = apr,
	booktitle    = {Proc. IEEE Radar Conf. (RadarConf)},
	address      = {Boston, MA, USA},
	pages        = {1--6}
}
@article{cheng2020compressive,
	title        = {Compressive Sensing Radar Imaging With Convolutional Neural Networks},
	author       = {Cheng, Qiao and Ihalage, Achintha Avin and Liu, Yujie and Hao, Yang},
	year         = 2020,
	month        = nov,
	journal      = {IEEE Access},
	volume       = 8,
	pages        = {212917--212926}
}
@article{wang2020csrnet,
	title        = {{CSR-Net}: A Novel Complex-Valued Network for Fast and Precise {3-D} Microwave Sparse Reconstruction},
	author       = {Wang, Mou and Wei, Shunjun and Shi, Jun and Wu, Yue and Qu, Qizhe and Zhou, Yuanyuan and Zeng, Xiangfeng and Tian, Bokun},
	year         = 2020,
	month        = aug,
	journal      = {IEEE J. Sel. Top. Appl. Earth Obs. Remote Sens.},
	volume       = 13,
	pages        = {4476--4492}
}
@article{dai2021imaging,
	title        = {Imaging Enhancement via {CNN} in {MIMO} Virtual Array-Based Radar},
	author       = {Dai, Yongpeng and Jin, Tian and Li, Haoran and Song, Yongkun and Hu, Jun},
	year         = 2021,
	month        = nov,
	journal      = {IEEE Trans. Geosci. Remote Sens.},
	volume       = 59,
	number       = 9,
	pages        = {7449--7458}
}
@article{hu2020inverse,
	title        = {Inverse Synthetic Aperture Radar Imaging Using a Fully Convolutional Neural Network},
	author       = {Hu, Changyu and Wang, Ling and Li, Ze and Zhu, Daiyin},
	year         = 2020,
	month        = oct,
	journal      = {IEEE Geosci. Remote Sens. Lett.},
	volume       = 17,
	number       = 7,
	pages        = {1203--1207}
}
@article{wang2021rmistnet,
	title        = {{RMIST-Net}: Joint Range Migration and Sparse Reconstruction Network for {3-D mmW} Imaging},
	author       = {Wang, Mou and Wei, Shunjun and Liang, Jiadian and Zeng, Xiangfeng and Wang, Chen and Shi, Jun and Zhang, Xiaoling},
	year         = 2021,
	month        = apr,
	journal      = {IEEE Trans. Geosci. Remote Sens.},
	volume       = 60,
	pages        = {1--17}
}
@article{liu2020sar,
	title        = {{SAR} Image Restoration From Spectrum Aliasing by Deep Learning},
	author       = {Liu, Zhe and Wu, Ning and Liao, Xingxing},
	year         = 2020,
	month        = feb,
	journal      = {IEEE Access},
	volume       = 8,
	pages        = {40367--40377}
}
@article{wu2020super,
	title        = {Super-Resolution for {MIMO} Array {SAR 3-D} Imaging Based on Compressive Sensing and Deep Neural Network},
	author       = {Wu, Chunxiao and Zhang, Zenghui and Chen, Longyong and Yu, Wenxian},
	year         = 2020,
	month        = jun,
	journal      = {IEEE J. Sel. Top. Appl. Earth Obs. Remote Sens.},
	volume       = 13,
	pages        = {3109--3124}
}
@inproceedings{zhang2019target,
	title        = {Target Imaging Based on Generative Adversarial Nets in Through-wall Radar Imaging},
	author       = {Zhang, Huiyuan and Song, Ruiyuan and Chen, Shengyi and Wang, Gang and Jia, Yong and Yan, Chao},
	year         = 2019,
	month        = oct,
	booktitle    = {Proc. Int. Conf. Control Autom. Inf. Sci. (ICCAIS)},
	address      = {Chengdu, China},
	pages        = {1--6}
}
@inproceedings{huang2019through,
	title        = {Through-the-Wall Radar Super-Resolution Imaging Based on Cascade {U-Net}},
	author       = {Huang, Shaoyin and Qian, Jiang and Wang, Yong and Yang, Xiaobo and Yang, Lei},
	year         = 2019,
	month        = aug,
	booktitle    = {Proc. IEEE Int. Geosci. Remote Sens. Symp. (IGARSS)},
	address      = {Yokohama, Japan},
	pages        = {2933--2936}
}
@inproceedings{kim2020aziumth,
	title        = {Azimuth Angle Resolution Improvement Technique with Neural Network},
	author       = {H. {Kim} and S. {You} and B. J. {Jeong} and W. {Byun}},
	year         = 2020,
	month        = oct,
	booktitle    = {Proc. Int. Conf. Inf. Commun. Technol. Converg. (ICTC)},
	address      = {Jeju, Korea},
	pages        = {1384--1387}
}
@article{zhang2017complex,
	title        = {Complex-valued convolutional neural network and its application in polarimetric {SAR} image classification},
	author       = {Zhang, Zhimian and Wang, Haipeng and Xu, Feng and Jin, Ya-Qiu},
	year         = 2017,
	month        = sep,
	journal      = {IEEE Trans. Geosci. Remote Sens.},
	volume       = 55,
	number       = 12,
	pages        = {7177--7188}
}
@article{wang2021tpssiNet,
	title        = {{TPSSI-Net}: Fast and Enhanced Two-Path Iterative Network for {3D} {SAR} Sparse Imaging},
	author       = {Wang, Mou and Wei, Shunjun and Liang, Jiadian and Zhou, Zichen and Qu, Qizhe and Shi, Jun and Zhang, Xiaoling},
	year         = 2021,
	month        = aug,
	journal      = {IEEE Trans. Image Process.},
	volume       = 30,
	pages        = {7317--7332}
}
@article{wang2021fista,
	title        = {Lightweight {FISTA}-Inspired Sparse Reconstruction Network for {mmW} {3-D} Holography},
	author       = {Wang, Mou and Wei, Shunjun and Liang, Jiadian and Liu, Shan and Shi, Jun and Zhang, Xiaoling},
	year         = 2021,
	month        = jul,
	journal      = {IEEE Trans. Geosci. Remote Sens.},
	volume       = 60,
	pages        = {1--20}
}
@article{fan2021fast,
	title        = {Fast and High-Quality {3-D} Terahertz Super-Resolution Imaging Using Lightweight {SR-CNN}},
	author       = {Fan, Lei and Zeng, Yang and Yang, Qi and Wang, Hongqiang and Deng, Bin},
	year         = 2021,
	month        = jan,
	journal      = {Remote Sensing},
	volume       = 13,
	number       = 19,
	pages        = 3800
}
@article{jing2022enhanced,
	title        = {Enhanced Millimeter-Wave {3-D} Imaging via Complex-Valued Fully Convolutional Neural Network},
	author       = {Jing, Handan and Li, Shiyong and Miao, Ke and Wang, Shuoguang and Cui, Xiaoxi and Zhao, Guoqiang and Sun, Houjun},
	year         = 2022,
	journal      = {Electronics},
	volume       = 11,
	number       = 1,
	pages        = 147
}
@article{long2019terahertz,
	title        = {Terahertz image super-resolution based on a deep convolutional neural network},
	author       = {Long, Zhenyu and Wang, Tianyi and You, ChengWu and Yang, Zhengang and Wang, Kejia and Liu, Jinsong},
	year         = 2019,
	month        = apr,
	journal      = {Appl. Opt.},
	volume       = 58,
	number       = 10,
	pages        = {2731--2735}
}
@article{li2020adaptive,
	title        = {Adaptive terahertz image super-resolution with adjustable convolutional neural network},
	author       = {Li, Yade and Hu, Weidong and Zhang, Xin and Xu, Zhihao and Ni, Jiaqi and Ligthart, Leo P},
	year         = 2020,
	month        = jul,
	journal      = {Opt. Express},
	volume       = 28,
	number       = 15,
	pages        = {22200--22217}
}
@inproceedings{han2020terahertz,
	title        = {Terahertz Image Restoration with ``Zero-Shot'' Super-Resolution},
	author       = {Han, Zhongde and Hu, Weidong and Li, Yade and Xu, Zhihao and Zhao, Yunzhang and Ni, Jiaqi and Ligthart, Leo},
	year         = 2020,
	month        = dec,
	booktitle    = {Proc. IEEE CSRSWTC},
	address      = {Fuzhou, China},
	pages        = {1--3}
}
@inproceedings{zhang2020modified,
	title        = {Modified Generative Adversarial Network for Super-Resolution of Terahertz Image},
	author       = {Zhang, Zhen and Zhang, Liuyang and Chen, Xuefeng and Xu, Yafei},
	year         = 2020,
	month        = oct,
	booktitle    = {Proc. IEEE ICSMD},
	address      = {Xi'an China},
	pages        = {602--605}
}
@inproceedings{wong2022deep,
	title        = {Deep Optimization Prior for {THz} Model Parameter Estimation},
	author       = {Wong, Tak Ming and Bauermeister, Hartmut and Kahl, Matthias and Bol{\'\i}var, Peter Haring and M{\"o}ller, Michael and Kolb, Andreas},
	year         = 2022,
	month        = jan,
	booktitle    = {Proc. IEEE/CVF Winter Conf. Appl. Comput. Vis. (WACV)},
	address      = {Waikoloa, HI, USA},
	pages        = {3811--3820}
}
@article{yin2021study,
	title        = {Study on Radar Echo-Filling in an Occlusion Area by a Deep Learning Algorithm},
	author       = {Yin, Xiaoyan and Hu, Zhiqun and Zheng, Jiafeng and Li, Boyong and Zuo, Yuanyuan},
	year         = 2021,
	journal      = {Remote Sensing},
	volume       = 13,
	number       = 9,
	pages        = 1779
}
%%%%%%%%%%%%%%%%%%%%%%%%%%%%%%%%%%%%%%%%%%%%%%%%%%%%%%%%%%%%%%%%%%%%%%%%%%%%%%%%%%%%%%%%%%%%%%%%%%%%%%%%%%%%%%%%%%%%%%%%%%%%%
% Musical Instruments
@inproceedings{winkler1995making,
	title        = {Making Motion Musical: Gesture Mapping Strategies for Interactive Computer Music},
	author       = {Winkler, Todd},
	year         = 1995,
	month        = sep,
	booktitle    = {Proc. 21st Int. Comput. Music Conf. (ICMC)},
	address      = {Banff, AB, Canada},
	pages        = {261--264}
}
@article{skeldon1998physics,
	title        = {Physics of the {Theremin}},
	author       = {Skeldon, Kenneth D and Reid, Lindsay M and McInally, Viviene and Dougan, Brendan and Fulton, Craig},
	year         = 1998,
	month        = dec,
	journal      = {Am. J. Phys.},
	volume       = 66,
	number       = 11,
	pages        = {945--955}
}
@inproceedings{polfreman2011multi,
	title        = {Multi-Modal Instrument: towards a platform for comparative controller evaluation},
	author       = {Richard Polfreman},
	year         = 2011,
	month        = jul,
	booktitle    = {Proc. 37th Int. Comput. Music Conf. (ICMC)},
	address      = {Huddersfield, United Kingdom},
	pages        = {147--150}
}
@inproceedings{trail2012non,
	title        = {Non-invasive sensing and gesture control for pitched percussion hyper-instruments using the {Kinect}},
	author       = {Trail, Shawn and Dean, Michael and Odowichuk, Gabrielle and Tavares, Tiago Fernandes and Driessen, Peter F and Schloss, W Andrew and Tzanetakis, George},
	year         = 2012,
	month        = may,
	booktitle    = {Proc. 12th Int. Conf. New Interfaces for Musical Expression (NIME)},
	address      = {Ann Arbor, MI, USA}
}
@inproceedings{senturk2012crossole,
	title        = {Crossole: A Gestural Interface for Composition, Improvisation and Performance using {Kinect}},
	author       = {Sent{\"u}rk, Sertan and Lee, Sang Won and Sastry, Avinash and Daruwalla, Anosh and Weinberg, Gil},
	year         = 2012,
	month        = may,
	booktitle    = {Proc. 12th Int. Conf. New Interfaces for Musical Expression (NIME)},
	address      = {Ann Arbor, MI, USA},
	pages        = {449--502}
}
@article{schramm2015dynamic,
	title        = {Dynamic Time Warping for Music Conducting Gestures Evaluation},
	author       = {R. {Schramm} and C. R. {Jung} and E. R. {Miranda}},
	year         = 2015,
	month        = dec,
	journal      = {IEEE Trans. Multimedia},
	volume       = 17,
	number       = 2,
	pages        = {243--255}
}
@inproceedings{han2014lessons,
	title        = {Lessons learned in exploring the {Leap Motion} sensor for gesture-based instrument design},
	author       = {Han, Jihyun and Gold, NE},
	year         = 2014,
	month        = jun,
	booktitle    = {Proc. 14th Int. Conf. New Interfaces for Musical Expression (NIME)},
	address      = {London, United Kingdom},
	pages        = {371--374}
}
@inproceedings{hantrakul2014implementations,
	title        = {Implementations of the {Leap Motion} in sound synthesis, effects modulation and assistive performance tools},
	author       = {Hantrakul, Lamtharn and Kaczmarek, Konrad},
	year         = 2014,
	month        = sep,
	booktitle    = {Proc. 40th Int. Comput. Music Conf. (ICMC)},
	address      = {Athens, Greece},
	pages        = {648--653}
}
@inproceedings{brown2016leimu,
	title        = {Leimu: gloveless music interaction using a wrist mounted {Leap Motion}},
	author       = {Brown, Dom and Renney, Nathan and Stark, Adam and Nash, Chris and Mitchell, Tom},
	year         = 2016,
	month        = jul,
	booktitle    = {Proc. 16th Int. Conf. New Interfaces for Musical Expression (NIME)},
	address      = {Brisbane, Austrailia},
	pages        = {300--304}
}
@article{tindale2011training,
	title        = {Training Surrogate Sensors in Musical Gesture Acquisition Systems},
	author       = {A. {Tindale} and A. {Kapur} and G. {Tzanetakis}},
	year         = 2011,
	month        = oct,
	journal      = {IEEE Trans. Multimedia},
	volume       = 13,
	number       = 1,
	pages        = {50--59}
}
@inproceedings{nieto2013hand,
	title        = {Hand gesture recognition in mobile devices: enhancing the musical experience},
	author       = {Nieto, Oriol and Shasha, Dennis},
	year         = 2013,
	month        = oct,
	journal      = {Proc. 10th Int. Symp. Comput. Music Multidiscipl. Research (CMMR)},
	address      = {Marseille, France},
	pages        = {15--18}
}
@article{akbari2015real,
	title        = {Real-Time Piano Music Transcription Based on Computer Vision},
	author       = {M. {Akbari} and H. {Cheng}},
	year         = 2015,
	month        = aug,
	journal      = {IEEE Trans. Multimedia},
	volume       = 17,
	number       = 12,
	pages        = {2113--2121}
}
@inproceedings{bernardo2017_o_soli_mio,
	title        = {O soli mio: exploring millimeter wave radar for musical interaction},
	author       = {Bernardo, Francisco and Arner, Nicholas and Batchelor, Paul},
	year         = 2017,
	month        = may,
	booktitle    = {Proc. 17th Int. Conf. New Interfaces for Musical Expression (NIME)},
	address      = {Aalborg, Denmark},
	pages        = {283--286}
}
@inproceedings{jensenius2013kinectofon,
	title        = {Kinectofon: Performing with shapes in planes},
	author       = {Jensenius, Alexander Refsum},
	year         = 2013,
	month        = may,
	booktitle    = {Proc. 13th Int. Conf. New Interfaces for Musical Expression (NIME)},
	address      = {Daejeon, Korea},
	pages        = {196--197}
}
%%%%%%%%%%%%%%%%%%%%%%%%%%%%%%%%%%%%%%%%%%%%%%%%%%%%%%%%%%%%%%%%%%%%%%%%%%%%%%%%%%%%%%%%%%%%%%%%%%%%%%%%%%%%%%%%%%%%%%%%%%%%%
% Optical Tracking
@inproceedings{sun2019visual,
	title        = {Visual Hand Tracking on Depth Image using 2-{D} Matched Filter},
	author       = {Y. {Sun} and X. {Liang} and H. {Fan} and M. {Imran} and H. {Heidari}},
	year         = 2019,
	month        = aug,
	booktitle    = {Proc. UK/China Emerg. Technol. (UCET)},
	address      = {Glasgow, United Kingdom},
	pages        = {1--4}
}
@article{garcia2013tracking,
	title        = {Tracking people motion based on extended condensation algorithm},
	author       = {Garc{\'\i}a, Jorge and Gardel, Alfredo and Bravo, Ignacio and L{\'a}zaro, Jos{\'e} Luis and Mart{\'\i}nez, Miguel},
	year         = 2013,
	journal      = {IEEE Trans. Cybern.},
	volume       = 43,
	number       = 3,
	pages        = {606--618}
}
@article{le2004stability,
	title        = {Stability and uniform approximation of nonlinear filters using the {Hilbert} metric and application to particle filters},
	author       = {Le Gland, Fran{\c{c}}ois and Oudjane, Nadia and others},
	year         = 2004,
	month        = feb,
	journal      = {Annals Appl. Prob.},
	volume       = 14,
	number       = 1,
	pages        = {144--187}
}
@inproceedings{ballan2012motion,
	title        = {Motion capture of hands in action using discriminative salient points},
	author       = {Ballan, Luca and Taneja, Aparna and Gall, J{\"u}rgen and Van Gool, Luc and Pollefeys, Marc},
	year         = 2012,
	month        = oct,
	booktitle    = {Proc. European Conf. Comput. Vis. (ECCV)},
	address      = {Florence, Italy},
	pages        = {640--653}
}
@inproceedings{sridhar2013interactive,
	title        = {Interactive markerless articulated hand motion tracking using {RGB} and depth data},
	author       = {Sridhar, Srinath and Oulasvirta, Antti and Theobalt, Christian},
	year         = 2013,
	month        = dec,
	booktitle    = {Proc. IEEE Int. Conf. Comput. Vis. (ICCV)},
	address      = {Sydney, NSW, Australia},
	pages        = {2456--2463}
}
@inproceedings{oikonomidis2011efficient,
	title        = {Efficient model-based {3D} tracking of hand articulations using {Kinect}},
	author       = {Oikonomidis, Iason and Kyriazis, Nikolaos and Argyros, Antonis A},
	year         = 2011,
	month        = aug,
	booktitle    = {Proc. Brit. Mach. Vision Conf (BMVC)},
	address      = {Dundee, United Kingdom},
	volume       = 1,
	number       = 2,
	pages        = {101.1--101.11}
}
@inproceedings{tang2015opening,
	title        = {Opening the black box: Hierarchical sampling optimization for estimating human hand pose},
	author       = {Tang, Danhang and Taylor, Jonathan and Kohli, Pushmeet and Keskin, Cem and Kim, Tae-Kyun and Shotton, Jamie},
	year         = 2015,
	month        = dec,
	booktitle    = {Proc. IEEE Int. Conf. Comput. Vis. (ICCV)},
	address      = {Santiago, Chile},
	pages        = {3325--3333}
}
@inproceedings{sridhar2015fast,
	title        = {Fast and robust hand tracking using detection-guided optimization},
	author       = {Sridhar, Srinath and Mueller, Franziska and Oulasvirta, Antti and Theobalt, Christian},
	year         = 2015,
	month        = jun,
	booktitle    = {Proc. IEEE Conf. Comput. Vis. Pattern Recognit. (CVPR)},
	address      = {Boston, MA, USA},
	pages        = {3213--3221}
}
@article{taylor2016efficient,
	title        = {Efficient and precise interactive hand tracking through joint, continuous optimization of pose and correspondences},
	author       = {Taylor, Jonathan and Bordeaux, Lucas and Cashman, Thomas and Corish, Bob and Keskin, Cem and Sharp, Toby and Soto, Eduardo and Sweeney, David and Valentin, Julien and Luff, Benjamin and others},
	year         = 2016,
	month        = jul,
	journal      = {ACM Trans. Graphics},
	volume       = 35,
	number       = 4,
	pages        = {1--12}
}
@article{tompson2014real,
	title        = {Real-time continuous pose recovery of human hands using convolutional networks},
	author       = {Tompson, Jonathan and Stein, Murphy and Lecun, Yann and Perlin, Ken},
	year         = 2014,
	month        = aug,
	journal      = {ACM Trans. Graphics},
	volume       = 33,
	number       = 5,
	pages        = {1--10}
}
@inproceedings{ye2016spatial,
	title        = {Spatial attention deep net with partial {PSO} for hierarchical hybrid hand pose estimation},
	author       = {Ye, Qi and Yuan, Shanxin and Kim, Tae-Kyun},
	year         = 2016,
	month        = oct,
	booktitle    = {Proc. European Conf. Comput. Vis. (ECCV)},
	address      = {Amsterdam, Netherlands},
	pages        = {346--361}
}
%%%%%%%%%%%%%%%%%%%%%%%%%%%%%%%%%%%%%%%%%%%%%%%%%%%%%%%%%%%%%%%%%%%%%%%%%%%%%%%%%%%%%%%%%%%%%%%%%%%%%%%%%%%%%%%%%%%%%%%%%%%%%
% Radar Tracking
@inproceedings{joshi2015wideo,
	title        = {{WiDeo}: Fine-grained Device-free Motion Tracing using {RF} Backscatter},
	author       = {Joshi, Kiran and Bharadia, Dinesh and Kotaru, Manikanta and Katti, Sachin},
	year         = 2015,
	month        = may,
	booktitle    = {Proc. 12th USENIX Symp. Networked Syst. Des. Implement. (NSDI)},
	address      = {Oakland, CA, USA},
	pages        = {189--204}
}
@inproceedings{li2020thumouse,
	title        = {{ThuMouse}: A Micro-gesture Cursor Input through {mmWave} Radar-based Interaction},
	author       = {Z. {Li} and Z. {Lei} and A. {Yan} and E. {Solovey} and K. {Pahlavan}},
	year         = 2020,
	month        = jan,
	booktitle    = {Proc. IEEE Int. Conf. Consum. Electron. (ICCE)},
	address      = {Las Vegas, NV, USA},
	pages        = {1--9}
}
%%%%%%%%%%%%%%%%%%%%%%%%%%%%%%%%%%%%%%%%%%%%%%%%%%%%%%%%%%%%%%%%%%%%%%%%%%%%%%%%%%%%%%%%%%%%%%%%%%%%%%%%%%%%%%%%%%%%%%%%%%%%%
% Contact Tracking
@inproceedings{pardue2013hand,
	title        = {Hand-Controller for Combined Tactile Control and Motion Tracking},
	author       = {Pardue, Laurel and Sebastian, William},
	year         = 2013,
	month        = may,
	booktitle    = {Proc. 13th Int. Conf. New Interfaces for Musical Expression (NIME)},
	address      = {Daejeon, Korea},
	pages        = {90--93}
}
@article{neto2010high,
	title        = {High-level programming and control for industrial robotics: using a hand-held accelerometer-based input device for gesture and posture recognition},
	author       = {Neto, Pedro and Pires, J Norberto and Moreira, A Paulo},
	year         = 2010,
	month        = mar,
	journal      = {Indust. Robot},
	volume       = 37,
	number       = 2,
	pages        = {137--147}
}
%%%%%%%%%%%%%%%%%%%%%%%%%%%%%%%%%%%%%%%%%%%%%%%%%%%%%%%%%%%%%%%%%%%%%%%%%%%%%%%%%%%%%%%%%%%%%%%%%%%%%%%%%%%%%%%%%%%%%%%%%%%%%
% Optical Gesture Recognition
@inproceedings{baek2013comparison,
	title        = {Comparison study of different feature classifiers for hand posture classification},
	author       = {J. {Baek} and J. {Kim} and E. {Kim}},
	year         = 2013,
	month        = oct,
	booktitle    = {Proc. 13th Int. Conf. Control Autom. Syst. (ICCAS)},
	address      = {Gwangu, Korea},
	pages        = {683--687}
}
@inproceedings{son2017image,
	title        = {Image-based hand pose classification using faster {R-CNN}},
	author       = {Y. {Son} and O. {Choi}},
	year         = 2017,
	month        = oct,
	booktitle    = {Proc. 17th Int. Conf. Control Autom. Syst. (ICCAS)},
	address      = {Jeju, Korea},
	pages        = {1569--1573}
}
@inproceedings{matilainen2016OUHANDS,
	title        = {{OUHANDS} database for hand detection and pose recognition},
	author       = {M. {Matilainen} and P. {Sangi} and J. {Holappa} and O. {Silvén}},
	year         = 2016,
	month        = dec,
	booktitle    = {Proc. 6th Int. Conf. Image Process. Theory Tools Appl. (IPTA)},
	address      = {Oulu, Finland},
	pages        = {1--5}
}
@inproceedings{anaz2018classification,
	title        = {Classification of Therapeutic Hand Poses Using Convolutional Neural Networks},
	author       = {A. {Anaz} and M. {Skubic} and J. {Bridgeman} and D. M. {Brogan}},
	year         = 2018,
	month        = jul,
	booktitle    = {Proc. 40th Annu. Int. Conf. IEEE Eng. Med. Biol. (EMBC)},
	address      = {Honolulu, HI, USA},
	pages        = {3874--3877}
}
@inproceedings{lin2013_3D_hand_posture_RGBD,
	title        = {{3D} hand posture tracking with depth gradient estimation on a {RGB-D} camera},
	author       = {J. {Lin} and C. {Huang}},
	year         = 2013,
	month        = jun,
	booktitle    = {Proc. IEEE Int. Symp. Consum. Electron. (ISCE)},
	address      = {Hsinchu, Taiwan},
	pages        = {109--110}
}
%%%%%%%%%%%%%%%%%%%%%%%%%%%%%%%%%%%%%%%%%%%%%%%%%%%%%%%%%%%%%%%%%%%%%%%%%%%%%%%%%%%%%%%%%%%%%%%%%%%%%%%%%%%%%%%%%%%%%%%%%%%%%
% Radar Gesture Recognition
@article{gurbuz2021american,
	title        = {American Sign Language Recognition Using {RF} Sensing},
	author       = {S. Z. {Gurbuz} and A. C. {Gurbuz} and E. A. {Malaia} and D. J. {Griffin} and C. S. {Crawford} and M. M. {Rahman} and E. {Kurtoglu} and R. {Aksu} and T. {Macks} and R. {Mdrafi}},
	year         = 2020,
	month        = sep,
	journal      = {IEEE Sensors J.},
	volume       = 21,
	number       = 3,
	pages        = {3763--3775}
}
@article{sang2018micro,
	title        = {Micro Hand Gesture Recognition System Using Ultrasonic Active Sensing},
	author       = {Y. {Sang} and L. {Shi} and Y. {Liu}},
	year         = 2018,
	month        = sep,
	journal      = {IEEE Access},
	volume       = 6,
	pages        = {49339--49347}
}
@article{maragliulo2019foot,
	title        = {Foot Gesture Recognition Through Dual Channel Wearable {EMG} System},
	author       = {S. {Maragliulo} and P. F. A. {Lopes} and L. B. {Osório} and A. T. {De Almeida} and M. {Tavakoli}},
	year         = 2019,
	month        = nov,
	journal      = {IEEE Sensors J.},
	volume       = 19,
	number       = 22,
	pages        = {10187--10197}
}
@article{kim2016hand,
	title        = {Hand Gesture Recognition Using Micro-{Doppler} Signatures With Convolutional Neural Network},
	author       = {Y. {Kim} and B. {Toomajian}},
	year         = 2016,
	month        = oct,
	journal      = {IEEE Access},
	volume       = 4,
	pages        = {7125--7130}
}
@inproceedings{kim2017application,
	title        = {Application of {Doppler} radar for the recognition of hand gestures using optimized deep convolutional neural networks},
	author       = {Y. {Kim} and B. {Toomajian}},
	year         = 2017,
	month        = mar,
	booktitle    = {Proc. 11th Eur. Conf. Antennas Propag. (EuCAP)},
	address      = {Paris, France},
	pages        = {1258--1260}
}
@inproceedings{dekker2017gesture,
	title        = {Gesture recognition with a low power {FMCW radar} and a deep convolutional neural network},
	author       = {B. {Dekker} and S. {Jacobs} and A. S. {Kossen} and M. C. {Kruithof} and A. G. {Huizing} and M. {Geurts}},
	year         = 2017,
	month        = oct,
	booktitle    = {Proc. 14th Eur. Radar Conf. (EuRAD)},
	address      = {Nuremberg, Germany},
	pages        = {163--166}
}
@inproceedings{zhang2016dynamic,
	title        = {Dynamic hand gesture classification based on radar micro-{Doppler} signatures},
	author       = {S. {Zhang} and G. {Li} and M. {Ritchie} and F. {Fioranelli} and H. {Griffiths}},
	year         = 2016,
	month        = oct,
	booktitle    = {Proc. CIE Int. Conf. Radar (RADAR)},
	address      = {Guangzhou, China},
	pages        = {1--4}
}
@inproceedings{suh2018_24GHz_gesture,
	title        = {24 {GHz FMCW} Radar System for Real-Time Hand Gesture Recognition Using {LSTM}},
	author       = {J. S. {Suh} and S. {Ryu} and B. {Han} and J. {Choi} and J. {Kim} and S. {Hong}},
	year         = 2018,
	month        = nov,
	booktitle    = {Proc. IEEE Asia-Pacific Microw. Conf (APMC)},
	address      = {Kyoto, Japan},
	pages        = {860--862}
}
@article{leem2020detecting,
	title        = {Detecting Mid-Air Gestures for Digit Writing With Radio Sensors and a {CNN}},
	author       = {S. K. {Leem} and F. {Khan} and S. H. {Cho}},
	year         = 2020,
	month        = apr,
	journal      = {IEEE Trans. Instrum. Meas.},
	volume       = 69,
	number       = 4,
	pages        = {1066--1081}
}
@inproceedings{park2016_ir_uwb_gesture,
	title        = {{IR-UWB} Radar Sensor for Human Gesture Recognition by Using Machine Learning},
	author       = {J. {Park} and S. H. {Cho}},
	year         = 2016,
	month        = dec,
	booktitle    = {Proc. IEEE HPCC/SmartCity/DSS},
	address      = {Sydney, NSW, Australia},
	pages        = {1246--1249}
}
@article{kim2017staticgesture,
	title        = {A Hand Gesture Recognition Sensor Using Reflected Impulses},
	author       = {S. Y. {Kim} and H. G. {Han} and J. W. {Kim} and S. {Lee} and T. W. {Kim}},
	year         = 2017,
	month        = mar,
	journal      = {IEEE Sensors J.},
	volume       = 17,
	number       = 10,
	pages        = {2975--2976}
}
@inproceedings{basrawi2021reverse,
	title        = {Reverse Engineering the {Soli} Radar {API} for Military Applications},
	author       = {Basrawi, Khaled and Dill, Richard},
	year         = 2021,
	month        = jun,
	booktitle    = {Proc. IEEE Radar Conf. (RadarConf)},
	pages        = {1--8}
}
%%%%%%%%%%%%%%%%%%%%%%%%%%%%%%%%%%%%%%%%%%%%%%%%%%%%%%%%%%%%%%%%%%%%%%%%%%%%%%%%%%%%%%%%%%%%%%%%%%%%%%%%%%%%%%%%%%%%%%%%%%%%%
% Texas Instruments
@misc{TI:rao2017intro,
	title        = {Intro to {mmWave} Sensing: {FMCW} Radars},
	author       = {Rao, Sandeep},
	year         = {June 26, 2017. Accessed: Apr. 2021},
	journal      = {TI Training},
	url          = {https://training.ti.com/node/1139153}
}
@misc{TI:mmWave_Studio,
	title        = {{{Texas Instruments} {mmWave} Studio}},
	author       = {Texas Instruments},
	year         = {2016. Accessed: Jun. 2023},
	journal      = {MMWAVE-STUDIO mmWave studio | TI.com},
	url          = {https://www.ti.com/tool/MMWAVE-STUDIO}
}
@misc{TI:mmWaveRadars,
	title        = {{mmWave} radar sensors},
	author       = {Texas Instruments},
	year         = {TI.com. 2016. Accessed: Jun. 2023},
	journal      = {mmWave radar sensors | TI.com},
	url          = {https://www.ti.com/sensors/mmwave-radar/overview.html}
}
@article{TI:ramasubramanian2017mmwave,
	title        = {{mmWave} radar for automotive and industrial applications},
	author       = {Ramasubramanian, Karthik},
	year         = 2017,
	month        = dec,
	journal      = {Texas Instruments}
}
%%%%%%%%%%%%%%%%%%%%%%%%%%%%%%%%%%%%%%%%%%%%%%%%%%%%%%%%%%%%%%%%%%%%%%%%%%%%%%%%%%%%%%%%%%%%%%%%%%%%%%%%%%%%%%%%%%%%%%%%%%%%%
% Radar Signal Processing
@inproceedings{winkler2007range,
	title        = {Range Doppler detection for automotive {FMCW} radars},
	author       = {V. {Winkler}},
	year         = 2007,
	month        = oct,
	booktitle    = {Proc. 4th Eur. Radar Conf. (EuRAD)},
	address      = {Munich, Germany},
	pages        = {166--169}
}
@article{kim2018joint,
	title        = {Joint range and angle estimation for FMCW MIMO radar and its application},
	author       = {Kim, Junghoon and Chun, Joohwan and Song, Sungchan},
	year         = 2018,
	month        = nov,
	journal      = {arXiv preprint arXiv:1811.06715}
}
@article{vu2022fourier,
	title        = {Fourier Transform of {SAR} Data Cube and {3-D} Range Migration Algorithm},
	author       = {Vu, Viet T. and Pettersson, Mats I. and Batra, Aman and Kaiser, Thomas},
	year         = 2022,
	month        = dec,
	journal      = {IEEE Trans. Aerosp. Electron. Syst.},
	volume       = 58,
	number       = 3,
	pages        = {2584--2591}
}
%%%%%%%%%%%%%%%%%%%%%%%%%%%%%%%%%%%%%%%%%%%%%%%%%%%%%%%%%%%%%%%%%%%%%%%%%%%%%%%%%%%%%%%%%%%%%%%%%%%%%%%%%%%%%%%%%%%%%%%%%%%%%
% ML Feature Extraction
@article{kim2009human,
	title        = {Human activity classification based on micro-{Doppler} signatures using a support vector machine},
	author       = {Kim, Youngwook and Ling, Hao},
	year         = 2009,
	month        = mar,
	journal      = {IEEE Trans. Geosci. Remote Sens.},
	volume       = 47,
	number       = 5,
	pages        = {1328--1337}
}
@article{fairchild2014classification,
	title        = {Classification of human motions using empirical mode decomposition of human micro-{Doppler} signatures},
	author       = {Fairchild, Dustin P and Narayanan, Ram M},
	year         = 2014,
	month        = oct,
	journal      = {IET Radar, Sonar, Nav.},
	volume       = 8,
	number       = 5,
	pages        = {425--434}
}
@article{javier2014application,
	title        = {Application of linear predictive coding for human activity classification based on micro-{Doppler} signatures},
	author       = {Javier, Rios Jesus and Kim, Youngwook},
	year         = 2014,
	month        = apr,
	journal      = {IEEE Geosci. Remote Sens. Lett.},
	volume       = 11,
	number       = 10,
	pages        = {1831--1834}
}
@article{kim2014detection,
	title        = {Detection of eye blinking using {Doppler} sensor with principal component analysis},
	author       = {Kim, Youngwook},
	year         = 2014,
	month        = sep,
	journal      = {IEEE Antennas Wirel. Propag. Lett.},
	volume       = 14,
	pages        = {123--126}
}
@article{li2013interpolation,
	title        = {Interpolation-free Stolt mapping for SAR imaging},
	author       = {Li, Zhe and Wang, Jian and Liu, Qing Huo},
	year         = 2013,
	month        = oct,
	journal      = {IEEE Geosci. Remote Sens. Lett.},
	volume       = 11,
	number       = 5,
	pages        = {926--929}
}
%%%%%%%%%%%%%%%%%%%%%%%%%%%%%%%%%%%%%%%%%%%%%%%%%%%%%%%%%%%%%%%%%%%%%%%%%%%%%%%%%%%%%%%%%%%%%%%%%%%%%%%%%%%%%%%%%%%%%%%%%%%%%
% ML Classifiers
@inproceedings{wan2014knn,
	title        = {Gesture recognition for smart home applications using portable radar sensors},
	author       = {Wan, Qian and Li, Yiran and Li, Changzhi and Pal, Ranadip},
	year         = 2014,
	month        = aug,
	booktitle    = {Proc. 36th Annu. Int. Conf. IEEE Eng. Med. Biol. (EMBC)},
	address      = {Chicago, IL, USA},
	pages        = {6414--6417}
}
@inproceedings{pavlovic1999dynamicBayesiannetworks,
	title        = {Time-series classification using mixed-state dynamic {Bayesian networks}},
	author       = {V. {Pavlovic} and B. J. {Frey} and T. S. {Huang}},
	year         = 1999,
	month        = jun,
	booktitle    = {Proc. IEEE Conf. Comput. Vis. Pattern Recognit. (CVPR)},
	address      = {Fort Collins, CO, USA},
	volume       = 2,
	pages        = {609--615}
}
%%%%%%%%%%%%%%%%%%%%%%%%%%%%%%%%%%%%%%%%%%%%%%%%%%%%%%%%%%%%%%%%%%%%%%%%%%%%%%%%%%%%%%%%%%%%%%%%%%%%%%%%%%%%%%%%%%%%%%%%%%%%%
% ML General
@inproceedings{glorot2011ReLU,
	title        = {Deep sparse rectifier neural networks},
	author       = {Glorot, Xavier and Bordes, Antoine and Bengio, Yoshua},
	year         = 2011,
	month        = apr,
	booktitle    = {Proc. 14th Int. Conf. Artif. Intell. Stat. (ISTATS)},
	address      = {Fort Lauderdale, FL, USA},
	pages        = {315--323}
}
@article{hendrycks2016gaussian,
	title        = {Gaussian error linear units ({GELUs})},
	author       = {Hendrycks, Dan and Gimpel, Kevin},
	year         = 2016,
	journal      = {arXiv preprint arXiv:1606.08415}
}
@inproceedings{redmon2016yolov1,
	title        = {You only look once: Unified, real-time object detection},
	author       = {Redmon, Joseph and Divvala, Santosh and Girshick, Ross and Farhadi, Ali},
	year         = 2016,
	month        = jun,
	booktitle    = {Proc. IEEE Conf. Comput. Vis. Pattern Recognit. (CVPR)},
	address      = {Las Vegas, NV, USA},
	pages        = {779--788}
}
@inproceedings{redmon2017yolo9000,
	title        = {{YOLO9000}: better, faster, stronger},
	author       = {Redmon, Joseph and Farhadi, Ali},
	year         = 2017,
	month        = jul,
	booktitle    = {Proc. IEEE Conf. Comput. Vis. Pattern Recognit. (CVPR)},
	address      = {Honolulu, Hawaii, USA},
	pages        = {7263--7271}
}
@article{redmon2018yolov3,
	title        = {{YOLOv3}: An incremental improvement},
	author       = {Redmon, Joseph and Farhadi, Ali},
	year         = 2018,
	journal      = {arXiv preprint arXiv:1804.02767}
}
@article{bochkovskiy2020yolov4,
	title        = {{YOLOv4}: Optimal speed and accuracy of object detection},
	author       = {Bochkovskiy, Alexey and Wang, Chien-Yao and Liao, Hong-Yuan Mark},
	year         = 2020,
	journal      = {arXiv preprint arXiv:2004.10934}
}
@inproceedings{liu2016ssd,
	title        = {{SSD}: Single shot multibox detector},
	author       = {Liu, Wei and Anguelov, Dragomir and Erhan, Dumitru and Szegedy, Christian and Reed, Scott and Fu, Cheng-Yang and Berg, Alexander C},
	year         = 2016,
	month        = oct,
	booktitle    = {Proc. European Conf. Comput. Vis. (ECCV)},
	address      = {Amsterdam, Netherlands},
	pages        = {21--37}
}
@inproceedings{lin2017focal,
	title        = {Focal loss for dense object detection},
	author       = {Lin, Tsung-Yi and Goyal, Priya and Girshick, Ross and He, Kaiming and Doll{\'a}r, Piotr},
	year         = 2017,
	month        = oct,
	booktitle    = {Proc. IEEE Int. Conf. Comput. Vis. (ICCV)},
	address      = {Venice, Italy},
	pages        = {2980--2988}
}
@inproceedings{khosla2020enhancing,
	title        = {Enhancing Performance of Deep Learning Models with different Data Augmentation Techniques: A Survey},
	author       = {Khosla, Cherry and Saini, Baljit Singh},
	year         = 2020,
	month        = jun,
	booktitle    = {Proc. IEEE Int. Conf. Intell. Eng. Manage. (ICIEM)},
	address      = {Moscow, Russia},
	pages        = {79--85}
}
@inproceedings{shijie2017research,
	title        = {Research on data augmentation for image classification based on convolution neural networks},
	author       = {Shijie, Jia and Ping, Wang and Peiyi, Jia and Siping, Hu},
	year         = 2017,
	month        = oct,
	booktitle    = {Proc. Chin. Autom. Congr. (CAC)},
	address      = {Jinan, China},
	pages        = {4165--4170}
}
@article{takahashi2019data,
	title        = {Data augmentation using random image cropping and patching for deep {CNNs}},
	author       = {Takahashi, Ryo and Matsubara, Takashi and Uehara, Kuniaki},
	year         = 2020,
	month        = sep,
	journal      = {IEEE Trans. Circuits Syst. Video Technol.},
	volume       = 30,
	number       = 9,
	pages        = {2917--2931}
}
@inproceedings{guo2019depthwise,
	title        = {Depthwise convolution is all you need for learning multiple visual domains},
	author       = {Guo, Yunhui and Li, Yandong and Wang, Liqiang and Rosing, Tajana},
	year         = 2019,
	month        = jan,
	booktitle    = {Proc. 35th AAAI Conf. Artif. Intell. (AAAI)},
	address      = {Honolulu, HI, USA},
	volume       = 33,
	number       = {01},
	pages        = {8368--8375}
}
%%%%%%%%%%%%%%%%%%%%%%%%%%%%%%%%%%%%%%%%%%%%%%%%%%%%%%%%%%%%%%%%%%%%%%%%%%%%%%%%%%%%%%%%%%%%%%%%%%%%%%%%%%%%%%%%%%%%%%%%%%%%%
% Image Super-Resolution
@inproceedings{lim2017enhanced,
	title        = {Enhanced deep residual networks for single image super-resolution},
	author       = {Lim, Bee and Son, Sanghyun and Kim, Heewon and Nah, Seungjun and Mu Lee, Kyoung},
	year         = 2017,
	month        = jul,
	booktitle    = {Proc. IEEE Conf. Comput. Vis. Pattern Recognit. (CVPR)},
	address      = {Honolulu, HI, USA},
	pages        = {136--144}
}
%%%%%%%%%%%%%%%%%%%%%%%%%%%%%%%%%%%%%%%%%%%%%%%%%%%%%%%%%%%%%%%%%%%%%%%%%%%%%%%%%%%%%%%%%%%%%%%%%%%%%%%%%%%%%%%%%%%%%%%%%%%%%
% DL Transformers
@inproceedings{vaswani2017attention,
	title        = {Attention is all you need},
	author       = {Vaswani, Ashish and Shazeer, Noam and Parmar, Niki and Uszkoreit, Jakob and Jones, Llion and Gomez, Aidan N and Kaiser, {\L}ukasz and Polosukhin, Illia},
	year         = 2017,
	month        = dec,
	booktitle    = {Proc. Adv. Neural Inf. Process. Syst. (NeurIPS)},
	address      = {Long Beach, CA, USA},
	pages        = {5998--6008}
}
@inproceedings{chen2023HAT,
	title        = {Activating More Pixels in Image Super-Resolution Transformer},
	author       = {Chen, Xiangyu and Wang, Xintao and Zhou, Jiantao and Qiao, Yu and Dong, Chao},
	year         = 2023,
	month        = jun,
	booktitle    = {Proc. IEEE Conf. Comput. Vis. Pattern Recognit. (CVPR)},
	address      = {Vancouver, BC, Canada},
	pages        = {22367--22377}
}
%%%%%%%%%%%%%%%%%%%%%%%%%%%%%%%%%%%%%%%%%%%%%%%%%%%%%%%%%%%%%%%%%%%%%%%%%%%%%%%%%%%%%%%%%%%%%%%%%%%%%%%%%%%%%%%%%%%%%%%%%%%%%
% DNN Architectures
@inproceedings{liu2022convnext,
	title        = {A ConvNet for the 2020s},
	author       = {Liu, Zhuang and Mao, Hanzi and Wu, Chao-Yuan and Feichtenhofer, Christoph and Darrell, Trevor and Xie, Saining},
	year         = 2022,
	month        = jun,
	booktitle    = {Proc. IEEE Conf. Comput. Vis. Pattern Recognit. (CVPR)},
	address      = {New Orleans, LA, USA},
	pages        = {11966--11976}
}
@inproceedings{isola2017image,
	title        = {Image-to-image translation with conditional adversarial networks},
	author       = {Isola, Phillip and Zhu, Jun-Yan and Zhou, Tinghui and Efros, Alexei A},
	year         = 2017,
	month        = jan,
	booktitle    = {Proc. IEEE Conf. Comput. Vis. Pattern Recognit. (CVPR)},
	address      = {Honolulu, HI, USA},
	pages        = {1125--1134}
}
@inproceedings{goodfellow2014generative,
	title        = {Generative adversarial nets},
	author       = {Goodfellow, Ian and Pouget-Abadie, Jean and Mirza, Mehdi and Xu, Bing and Warde-Farley, David and Ozair, Sherjil and Courville, Aaron and Bengio, Yoshua},
	year         = 2014,
	month        = dec,
	booktitle    = {Proc. Adv. Neural Inf. Process. Syst. (NeurIPS)},
	address      = {Montreal, Canada}
}
%%%%%%%%%%%%%%%%%%%%%%%%%%%%%%%%%%%%%%%%%%%%%%%%%%%%%%%%%%%%%%%%%%%%%%%%%%%%%%%%%%%%%%%%%%%%%%%%%%%%%%%%%%%%%%%%%%%%%%%%%%%%%
% Vision Transformers
@inproceedings{liang2021swinir,
	title        = {{SwinIR}: Image restoration using swin transformer},
	author       = {Liang, Jingyun and Cao, Jiezhang and Sun, Guolei and Zhang, Kai and Van Gool, Luc and Timofte, Radu},
	year         = 2021,
	month        = oct,
	booktitle    = {Proc. IEEE/CVF Int. Conf. Comput. Vis. Workshop (ICCVW)},
	address      = {Montreal, Canada},
	pages        = {1833--1844}
}
@inproceedings{liu2021swin,
	title        = {Swin transformer: Hierarchical vision transformer using shifted windows},
	author       = {Liu, Ze and Lin, Yutong and Cao, Yue and Hu, Han and Wei, Yixuan and Zhang, Zheng and Lin, Stephen and Guo, Baining},
	year         = 2021,
	month        = oct,
	booktitle    = {Proc. IEEE/CVF Int. Conf. Comput. Vis. (ICCV)},
	address      = {Montreal, Canada},
	pages        = {10012--10022}
}
@article{liu2021swinv2,
	title        = {Swin Transformer V2: Scaling Up Capacity and Resolution},
	author       = {Liu, Ze and Hu, Han and Lin, Yutong and Yao, Zhuliang and Xie, Zhenda and Wei, Yixuan and Ning, Jia and Cao, Yue and Zhang, Zheng and Dong, Li and others},
	year         = 2021,
	month        = nov,
	journal      = {arXiv preprint arXiv:2111.09883}
}
@article{dosovitskiy2020image_ViT,
	title        = {An image is worth 16x16 words: Transformers for image recognition at scale},
	author       = {Dosovitskiy, Alexey and Beyer, Lucas and Kolesnikov, Alexander and Weissenborn, Dirk and Zhai, Xiaohua and Unterthiner, Thomas and Dehghani, Mostafa and Minderer, Matthias and Heigold, Georg and Gelly, Sylvain and others},
	year         = 2020,
	journal      = {arXiv preprint arXiv:2010.11929}
}
@inproceedings{touvron2021training,
	title        = {Training data-efficient image transformers \& distillation through attention},
	author       = {Touvron, Hugo and Cord, Matthieu and Douze, Matthijs and Massa, Francisco and Sablayrolles, Alexandre and J{\'e}gou, Herv{\'e}},
	year         = 2021,
	month        = jul,
	booktitle    = {Proc. 38th Int. Conf. Mach. Learn. (ICML)},
	pages        = {10347--10357}
}
@article{mehta2021mobilevit,
	title        = {{MobileViT}: light-weight, general-purpose, and mobile-friendly vision transformer},
	author       = {Mehta, Sachin and Rastegari, Mohammad},
	year         = 2021,
	month        = oct,
	journal      = {arXiv preprint arXiv:2110.02178}
}
%%%%%%%%%%%%%%%%%%%%%%%%%%%%%%%%%%%%%%%%%%%%%%%%%%%%%%%%%%%%%%%%%%%%%%%%%%%%%%%%%%%%%%%%%%%%%%%%%%%%%%%%%%%%%%%%%%%%%%%%%%%%%
% Image Inpainting
@inproceedings{luo2016understanding,
	title        = {Understanding the effective receptive field in deep convolutional neural networks},
	author       = {Luo, Wenjie and Li, Yujia and Urtasun, Raquel and Zemel, Richard},
	year         = 2016,
	month        = dec,
	booktitle    = {Proc. Adv. Neural Inf. Process. Syst. (NeurIPS)},
	address      = {Barcelona, Spain},
	pages        = {4898--4906}
}
@article{iizuka2017globally,
	title        = {Globally and locally consistent image completion},
	author       = {Iizuka, Satoshi and Simo-Serra, Edgar and Ishikawa, Hiroshi},
	year         = 2017,
	month        = jul,
	journal      = {ACM Trans. Graph.},
	volume       = 36,
	number       = 4,
	pages        = {1--14}
}
%%%%%%%%%%%%%%%%%%%%%%%%%%%%%%%%%%%%%%%%%%%%%%%%%%%%%%%%%%%%%%%%%%%%%%%%%%%%%%%%%%%%%%%%%%%%%%%%%%%%%%%%%%%%%%%%%%%%%%%%%%%%%
% Fourier and Machine Learning / Deep Learning
@inproceedings{chi2020fast,
	title        = {Fast fourier convolution},
	author       = {Chi, Lu and Jiang, Borui and Mu, Yadong},
	year         = 2020,
	month        = dec,
	booktitle    = {Proc. Adv. Neural Inf. Process. Syst. (NeurIPS)},
	address      = {Vancouver, BC, Canada},
	pages        = {4479--4488}
}
@inproceedings{lee2021fnet,
	title        = {{FNet}: Mixing tokens with {Fourier} transforms},
	author       = {Lee-Thorp, James and Ainslie, Joshua and Eckstein, Ilya and Ontanon, Santiago},
	year         = 2022,
	month        = jul,
	booktitle    = {Proc. Conf. N. Am. Chap. Assoc. Comput. Linguist. (NAACL)},
	address      = {Seattle, WA, USA},
	pages        = {4296--4313}
}
@inproceedings{souza2019hybrid,
	title        = {A hybrid, dual domain, cascade of convolutio	nal neural networks for magnetic resonance image reconstruction},
	author       = {Souza, Roberto and Lebel, R Marc and Frayne, Richard},
	year         = 2019,
	month        = jul,
	booktitle    = {Proc. MIDL},
	address      = {London, United Kingdom},
	pages        = {437--446}
}
%%%%%%%%%%%%%%%%%%%%%%%%%%%%%%%%%%%%%%%%%%%%%%%%%%%%%%%%%%%%%%%%%%%%%%%%%%%%%%%%%%%%%%%%%%%%%%%%%%%%%%%%%%%%%%%%%%%%%%%%%%%%%
% History of ML / Computer Vision
@article{lecun1989backpropagation,
	title        = {Backpropagation Applied to Handwritten Zip Code Recognition},
	author       = {LeCun, Y. and Boser, B. and Denker, J. S. and Henderson, D. and Howard, R. E. and Hubbard, W. and Jackel, L. D.},
	year         = 1989,
	month        = dec,
	journal      = {Neural Comput.},
	volume       = 1,
	number       = 4,
	pages        = {541--551}
}
@article{krizhevsky2012imagenet,
	title        = {{ImageNet} classification with deep convolutional neural networks},
	author       = {Krizhevsky, Alex and Sutskever, Ilya and Hinton, Geoffrey E},
	year         = 2012,
	month        = dec,
	journal      = {Proc. Adv. Neural Inf. Process. Syst. (NeurIPS)},
	address      = {Lake Tahoe, Nevada, USA},
	volume       = 25
}
@article{simonyan2014two_vggnet,
	title        = {Two-stream convolutional networks for action recognition in videos},
	author       = {Simonyan, Karen and Zisserman, Andrew},
	year         = 2014,
	month        = dec,
	journal      = {Proc. Adv. Neural Inf. Process. Syst. (NeurIPS)},
	address      = {Montreal, Canada},
	volume       = 27
}
@inproceedings{szegedy2015going_inception,
	title        = {Going deeper with convolutions},
	author       = {Szegedy, Christian and Liu, Wei and Jia, Yangqing and Sermanet, Pierre and Reed, Scott and Anguelov, Dragomir and Erhan, Dumitru and Vanhoucke, Vincent and Rabinovich, Andrew},
	year         = 2015,
	month        = jun,
	booktitle    = {Proc. IEEE Conf. Comput. Vis. Pattern Recognit. (CVPR)},
	address      = {Boston, MA, USA},
	pages        = {1--9}
}
@inproceedings{xie2017aggregated_resnext,
	title        = {Aggregated residual transformations for deep neural networks},
	author       = {Xie, Saining and Girshick, Ross and Doll{\'a}r, Piotr and Tu, Zhuowen and He, Kaiming},
	year         = 2017,
	month        = jul,
	booktitle    = {Proc. IEEE Conf. Comput. Vis. Pattern Recognit. (CVPR)},
	address      = {Honolulu, HI, USA},
	pages        = {1492--1500}
}
@inproceedings{huang2017densely_densenet,
	title        = {Densely connected convolutional networks},
	author       = {Huang, Gao and Liu, Zhuang and Van Der Maaten, Laurens and Weinberger, Kilian Q},
	year         = 2017,
	month        = jul,
	booktitle    = {Proc. IEEE Conf. Comput. Vis. Pattern Recognit. (CVPR)},
	address      = {Honolulu, HI, USA},
	pages        = {4700--4708}
}
@inproceedings{he2016deep_resnet,
	title        = {Deep residual learning for image recognition},
	author       = {He, Kaiming and Zhang, Xiangyu and Ren, Shaoqing and Sun, Jian},
	year         = 2016,
	month        = jun,
	booktitle    = {Proc. IEEE Conf. Comput. Vis. Pattern Recognit. (CVPR)},
	address      = {Las Vegas, NV, USA},
	pages        = {770--778}
}
@article{howard2017mobilenet,
	title        = {{MobileNets}: Efficient convolutional neural networks for mobile vision applications},
	author       = {Howard, Andrew G and Zhu, Menglong and Chen, Bo and Kalenichenko, Dmitry and Wang, Weijun and Weyand, Tobias and Andreetto, Marco and Adam, Hartwig},
	year         = 2017,
	month        = apr,
	journal      = {arXiv preprint arXiv:1704.04861}
}
@inproceedings{sandler2018mobilenetv2,
	title        = {{MobileNetV2}: Inverted residuals and linear bottlenecks},
	author       = {Sandler, Mark and Howard, Andrew and Zhu, Menglong and Zhmoginov, Andrey and Chen, Liang-Chieh},
	year         = 2018,
	month        = jun,
	booktitle    = {Proc. IEEE Conf. Comput. Vis. Pattern Recognit. (CVPR)},
	address      = {Salt Lake City, Utah, USA},
	pages        = {4510--4520}
}
@inproceedings{tan2019efficientnet,
	title        = {{EfficientNet}: Rethinking model scaling for convolutional neural networks},
	author       = {Tan, Mingxing and Le, Quoc},
	year         = 2019,
	month        = jun,
	booktitle    = {Proc. 36th Int. Conf. Mach. Learn. (ICML)},
	address      = {Long Beach, CA, USA},
	pages        = {6105--6114}
}
@inproceedings{radosavovic2020designing_regnet,
	title        = {Designing network design spaces},
	author       = {Radosavovic, Ilija and Kosaraju, Raj Prateek and Girshick, Ross and He, Kaiming and Doll{\'a}r, Piotr},
	year         = 2020,
	month        = jun,
	booktitle    = {Proc. IEEE Conf. Comput. Vis. Pattern Recognit. (CVPR)},
	address      = {Seattle, WA, USA},
	pages        = {10428--10436}
}
%%%%%%%%%%%%%%%%%%%%%%%%%%%%%%%%%%%%%%%%%%%%%%%%%%%%%%%%%%%%%%%%%%%%%%%%%%%%%%%%%%%%%%%%%%%%%%%%%%%%%%%%%%%%%%%%%%%%%%%%%%%%%
% ML Training on Synthetic Data
@inproceedings{richardson2016_3D_face_synthetic,
	title        = {{3D} face reconstruction by learning from synthetic data},
	author       = {Richardson, Elad and Sela, Matan and Kimmel, Ron},
	year         = 2016,
	month        = oct,
	booktitle    = {Proc. 4th Int. Conf. 3D Vis. (3DV)},
	address      = {Stanford, CA, USA},
	pages        = {460--469}
}
@article{wu2019_FaultSeg3D_synthetic,
	title        = {{FaultSeg3D}: Using synthetic data sets to train an end-to-end convolutional neural network for {3D} seismic fault segmentation},
	author       = {Wu, Xinming and Liang, Luming and Shi, Yunzhi and Fomel, Sergey},
	year         = 2019,
	month        = apr,
	journal      = {Geophysics},
	volume       = 84,
	number       = 3,
	pages        = {IM35--IM45}
}
@article{allken2019fish_synthetic,
	title        = {Fish species identification using a convolutional neural network trained on synthetic data},
	author       = {Allken, Vaneeda and Handegard, Nils Olav and Rosen, Shale and Schreyeck, Tiffanie and Mahiout, Thomas and Malde, Ketil},
	year         = 2019,
	month        = oct,
	journal      = {J. Mar. Sci.},
	volume       = 76,
	number       = 1,
	pages        = {342--349}
}
@inproceedings{bjorklund2017licenseplate_synthetic,
	title        = {Automatic license plate recognition with convolutional neural networks trained on synthetic data},
	author       = {Bj{\"o}rklund, Tomas and Fiandrotti, Attilio and Annarumma, Mauro and Francini, Gianluca and Magli, Enrico},
	year         = 2017,
	month        = dec,
	booktitle    = {Proc. 19th Int. Workshop Multimed. Signal Process. (MMSP)},
	pages        = {1--6}
}
%%%%%%%%%%%%%%%%%%%%%%%%%%%%%%%%%%%%%%%%%%%%%%%%%%%%%%%%%%%%%%%%%%%%%%%%%%%%%%%%%%%%%%%%%%%%%%%%%%%%%%%%%%%%%%%%%%%%%%%%%%%%%
% Bandwidth Extrapolation
@inproceedings{esquef2003interpolation,
	title        = {Interpolation of long gaps in audio signals using the warped {Burg}’s method},
	author       = {Esquef, Paulo AA and V{\"a}lim{\"a}ki, Vesa and Roth, Kari and Kauppinen, Ismo},
	year         = 2003,
	month        = sep,
	booktitle    = {Proc. 6th Int. Conf. Digit. Audio Eff. (DAFx)},
	address      = {London, United Kingdom},
	pages        = {08--11}
}
@book{hayes2009statistical,
	title        = {Statistical digital signal processing and modeling},
	author       = {Hayes, Monson H},
	year         = 2009,
	publisher    = {John Wiley \& Sons}
}
@book{kay1988modern,
	title        = {Modern spectral estimation: theory and application},
	author       = {Kay, Steven M},
	year         = 1988,
	publisher    = {Pearson Education India}
}
%%%%%%%%%%%%%%%%%%%%%%%%%%%%%%%%%%%%%%%%%%%%%%%%%%%%%%%%%%%%%%%%%%%%%%%%%%%%%%%%%%%%%%%%%%%%%%%%%%%%%%%%%%%%%%%%%%%%%%%%%%%%%
% Random
@article{griffin1984stft,
	title        = {Signal estimation from modified short-time Fourier transform},
	author       = {Griffin, Daniel and Lim, Jae},
	year         = 1984,
	month        = apr,
	journal      = {IEEE Trans. Acoust. Speech, Signal Process.},
	volume       = 32,
	number       = 2,
	pages        = {236--243}
}
@inproceedings{li2021iGibson,
	title        = {{iGibson} 2.0: Object-Centric Simulation for Robot Learning of Everyday Household Tasks},
	author       = {Li, Chengshu and Xia, Fei and Mart\'in-Mart\'in, Roberto and Lingelbach, Michael and Srivastava, Sanjana and Shen, Bokui and Vainio, Kent Elliott and Gokmen, Cem and Dharan, Gokul and Jain, Tanish and Kurenkov, Andrey and Liu, Karen and Gweon, Hyowon and Wu, Jiajun and Fei-Fei, Li and Savarese, Silvio},
	year         = 2021,
	month        = nov,
	booktitle    = {Proc. CoRL},
	address      = {London, United Kingdom},
	volume       = 164,
	pages        = {455--465}
}
%%%%%%%%%%%%%%%%%%%%%%%%%%%%%%%%%%%%%%%%%%%%%%%%%%%%%%%%%%%%%%%%%%%%%%%%%%%%%%%%%%%%%%%%%%%%%%%%%%%%%%%%%%%%%%%%%%%%%%%%%%%%%
% HFFH-CNN
@inproceedings{chollet2017xception,
	title        = {Xception: Deep learning with depthwise separable convolutions},
	author       = {Chollet, Fran{\c{c}}ois},
	year         = 2017,
	month        = jul,
	booktitle    = {Proc. IEEE Conf. Comput. Vis. Pattern Recognit. (CVPR)},
	address      = {Honolulu, HI, USA},
	pages        = {1251--1258}
}
@inproceedings{ronneberger2015unet,
	title        = {{U-Net}: Convolutional networks for biomedical image segmentation},
	author       = {Ronneberger, Olaf and Fischer, Philipp and Brox, Thomas},
	year         = 2015,
	month        = oct,
	booktitle    = {Proc. MICCAI},
	address      = {Munich, Germany},
	pages        = {234--241}
}
@article{Armanious2020MedGAN,
	title        = {{MedGAN}: Medical image translation using {GANs}},
	author       = {Armanious, Karim and Jiang, Chenming and Fischer, Marc and K{\"u}stner, Thomas and Hepp, Tobias and Nikolaou, Konstantin and Gatidis, Sergios and Yang, Bin},
	year         = 2020,
	journal      = {Comput. Med. Imaging Graph.},
	volume       = 79,
	pages        = 101684
}
@inproceedings{Armanious2019An_adversarial_SR,
	title        = {An adversarial super-resolution remedy for radar design trade-offs},
	author       = {Armanious, Karim and Abdulatif, Sherif and Aziz, Fady and Schneider, Urs and Yang, Bin},
	year         = 2019,
	month        = sep,
	booktitle    = {Proc. 27th Eur. Signal Process. Conf. (EUSIPCO)},
	address      = {A Coruna, Spain},
	pages        = {1--5}
}
@inproceedings{isola2018imagetoimage,
	title        = {Image-to-image translation with conditional adversarial networks},
	author       = {Isola, Phillip and Zhu, Jun-Yan and Zhou, Tinghui and Efros, Alexei A},
	year         = 2017,
	month        = jul,
	booktitle    = {Proc. IEEE Conf. Comput. Vis. Pattern Recognit. (CVPR)},
	address      = {Honolulu, HI, USA},
	pages        = {1125--1134}
}
@article{mirza2014conditional,
	title        = {Conditional generative adversarial nets},
	author       = {Mirza, Mehdi and Osindero, Simon},
	year         = 2014,
	month        = nov,
	journal      = {arXiv preprint arXiv:1411.1784}
}
@article{Wang2018PAN,
	title        = {Perceptual Adversarial Networks for Image-to-Image Transformation},
	author       = {Wang, Chaoyue and Xu, Chang and Wang, Chaohui and Tao, Dacheng},
	year         = 2018,
	month        = aug,
	journal      = {IEEE Trans. Image Process.},
	volume       = 27,
	number       = 8,
	pages        = {4066--4079}
}
%%%%%%%%%%%%%%%%%%%%%%%%%%%%%%%%%%%%%%%%%%%%%%%%%%%%%%%%%%%%%%%%%%%%%%%%%%%%%%%%%%%%%%%%%%%%%%%%%%%%%%%%%%%%%%%%%%%%%%%%%%%%%
% Complex-Valued Neural Networks
@inproceedings{haensch2010complex,
	title        = {Complex-Valued Convolutional Neural Networks for Object Detection in {PolSAR} data},
	author       = {Haensch, Ronny and Hellwich, Olaf},
	year         = 2010,
	month        = jun,
	booktitle    = {Proc. Eur. Conf. Synth. Aperture Radar},
	address      = {Aachen, Germany},
	pages        = {1--4}
}
@inproceedings{kim1990modification,
	title        = {Modification of backpropagation networks for complex-valued signal processing in frequency domain},
	author       = {Kim, M Soo and Guest, Clark C},
	year         = 1990,
	month        = jun,
	booktitle    = {Proc. IEEE Int. Jt. Conf. Neural Netw. (IJCNN)},
	address      = {San Diego, CA, USA},
	pages        = {27--31}
}
@article{lee2022complex,
	title        = {Complex-valued neural networks: A comprehensive survey},
	author       = {Lee, ChiYan and Hasegawa, Hideyuki and Gao, Shangce},
	year         = 2022,
	month        = aug,
	journal      = {IEEE/CAA J. Autom. Sin.},
	volume       = 9,
	number       = 8,
	pages        = {1406--1426}
}
@article{bassey2021survey,
	title        = {A survey of complex-valued neural networks},
	author       = {Bassey, Joshua and Qian, Lijun and Li, Xianfang},
	year         = 2021,
	month        = jan,
	journal      = {arXiv preprint arXiv:2101.12249}
}
@article{barrachina2023theory,
	title        = {Theory and Implementation of Complex-Valued Neural Networks},
	author       = {Barrachina, Jose Agustin and Ren, Chengfang and Vieillard, Gilles and Morisseau, Christele and Ovarlez, Jean-Philippe},
	year         = 2023,
	month        = feb,
	journal      = {arXiv preprint arXiv:2302.08286}
}
@inproceedings{trabelsi2018deep,
	title        = {Deep complex networks},
	author       = {Trabelsi, Chiheb and Bilaniuk, Olexa and Zhang, Ying and Serdyuk, Dmitriy and Subramanian, Sandeep and Santos, Joao Felipe and Mehri, Soroush and Rostamzadeh, Negar and Bengio, Yoshua and Pal, Christopher J},
	year         = 2018,
	month        = apr,
	booktitle    = {Proc. Int. Conf. Learn. Repr. (ICLR)},
	address      = {Vancouver, BC, Canada},
	pages        = {27--31}
}
%%%%%%%%%%%%%%%%%%%%%%%%%%%%%%%%%%%%%%%%%%%%%%%%%%%%%%%%%%%%%%%%%%%%%%%%%%%%%%%%%%%%%%%%%%%%%%%%%%%%%%%%%%%%%%%%%%%%%%%%%%%%%
% Complex-Valued Loss Functions
@article{terpstra2022loss,
	title        = {perp-loss: A symmetric loss function for magnetic resonance imaging reconstruction and image registration with deep learning},
	author       = {Terpstra, Maarten L and Maspero, Matteo and Sbrizzi, Alessandro and van den Berg, Cornelis AT},
	year         = 2022,
	month        = aug,
	journal      = {Med. Image Anal.},
	volume       = 80,
	pages        = 102509
}
@inproceedings{prashanth2002surface,
	title        = {Surface classification using {ANN} and complex-valued neural network},
	author       = {Prashanth, A and Kalra, PK and Vyas, NS},
	year         = 2002,
	month        = nov,
	booktitle    = {Proc. 9th IEEE Int. Conf. Neural Inf. Process. (ICONIP)},
	address      = {Singapore},
	volume       = 3,
	pages        = {1094--1098}
}
%%%%%%%%%%%%%%%%%%%%%%%%%%%%%%%%%%%%%%%%%%%%%%%%%%%%%%%%%%%%%%%%%%%%%%%%%%%%%%%%%%%%%%%%%%%%%%%%%%%%%%%%%%%%%%%%%%%%%%%%%%%%%
% Complex-Valued Manifold Learning
@inproceedings{chakraborty2019sur_real,
	title        = {Sur-Real: {Frechet} Mean and Distance Transform for Complex-Valued Deep Learning},
	author       = {Chakraborty, Rudrasis and Wang, Jiayun and Yu, Stella X.},
	year         = 2019,
	month        = jun,
	booktitle    = {Proc. IEEE Conf. Comput. Vis. Pattern Recognit. Workshops (CVPRW)},
	address      = {Long Beach, CA, USA},
	pages        = {889--897}
}
@inproceedings{chakraborty2020C_SURE,
	title        = {{C-SURE}: Shrinkage Estimator and Prototype Classifier for Complex-Valued Deep Learning},
	author       = {Chakraborty, Rudrasis and Xing, Yifei and Duan, Minxuan and Yu, Stella X.},
	year         = 2020,
	month        = jun,
	booktitle    = {Proc. IEEE Conf. Comput. Vis. Pattern Recognit. Workshops (CVPRW)},
	address      = {Seattle, WA, USA},
	pages        = {360--367}
}
@article{chakraborty2022SurReal,
	title        = {SurReal: Complex-Valued Learning as Principled Transformations on a Scaling and Rotation Manifold},
	author       = {Chakraborty, Rudrasis and Xing, Yifei and Yu, Stella X.},
	year         = 2022,
	month        = nov,
	journal      = {IEEE Trans. Neural Netw. Learn. Syst.},
	volume       = 33,
	number       = 3,
	pages        = {940--951}
}
@article{brown2021charrnets,
	title        = {{ChaRRNets}: Channel robust representation networks for {RF} fingerprinting},
	author       = {Brown, Carter N and Mattei, Enrico and Draganov, Andrew},
	year         = 2021,
	month        = may,
	journal      = {arXiv preprint arXiv:2105.03568}
}
@article{liu2021mmff,
	title        = {MMFF: Multi-manifold feature fusion based neural networks for target recognition in complex-valued SAR imagery},
	author       = {Liu, Qingshu and Lang, Liang},
	year         = 2021,
	month        = oct,
	journal      = {ISPRS J. Photogramm. Remote Sens.},
	volume       = 180,
	pages        = {151--162}
}
@inproceedings{scarnati2021complex,
	title        = {Complex-Valued Neural Networks for Synthetic Aperture Radar Image Classification},
	author       = {Scarnati, Theresa and Lewis, Benjamin},
	year         = 2021,
	month        = may,
	booktitle    = {Proc. IEEE Radar Conf. (RadarConf)},
	address      = {Atlanta, GA, USA},
	pages        = {1--6}
}
%%%%%%%%%%%%%%%%%%%%%%%%%%%%%%%%%%%%%%%%%%%%%%%%%%%%%%%%%%%%%%%%%%%%%%%%%%%%%%%%%%%%%%%%%%%%%%%%%%%%%%%%%%%%%%%%%%%%%%%%%%%%%
% Complex-Valued Activation Functions
@article{guberman2016zrelu,
	title        = {On complex valued convolutional neural networks},
	author       = {Guberman, Nitzan},
	year         = 2016,
	month        = feb,
	journal      = {arXiv preprint arXiv:1602.09046}
}
@inproceedings{virtue2017cardioid,
	title        = {Better than real: Complex-valued neural nets for {MRI} fingerprinting},
	author       = {Virtue, Patrick and Stella, X Yu and Lustig, Michael},
	year         = 2017,
	month        = sep,
	booktitle    = {Proc. IEEE Int. Conf. Image Process. (ICIP)},
	address      = {Beijing, China},
	pages        = {3953--3957}
}
@inproceedings{arjovsky2016modrelu,
	title        = {Unitary evolution recurrent neural networks},
	author       = {Arjovsky, Martin and Shah, Amar and Bengio, Yoshua},
	year         = 2016,
	month        = jun,
	booktitle    = {Proc. 33rd Int. Conf. Mach. Learn. (ICML)},
	address      = {New York City, NY, USA},
	pages        = {1120--1128}
}
%%%%%%%%%%%%%%%%%%%%%%%%%%%%%%%%%%%%%%%%%%%%%%%%%%%%%%%%%%%%%%%%%%%%%%%%%%%%%%%%%%%%%%%%%%%%%%%%%%%%%%%%%%%%%%%%%%%%%%%%%%%%%
% Complex-Valued Transformers
@inproceedings{yang2020complex,
	title        = {Complex transformer: A framework for modeling complex-valued sequence},
	author       = {Yang, Muqiao and Ma, Martin Q and Li, Dongyu and Tsai, Yao-Hung Hubert and Salakhutdinov, Ruslan},
	year         = 2020,
	month        = may,
	booktitle    = {Proc. IEEE Int. Conf. Acoust. Speech Signal Process. (ICASSP)},
	address      = {Barcelona, Spain},
	pages        = {4232--4236}
}
@article{dong2021signal,
	title        = {Signal transformer: Complex-valued attention and meta-learning for signal recognition},
	author       = {Dong, Yihong and Peng, Ying and Yang, Muqiao and Lu, Songtao and Shi, Qingjiang},
	year         = 2021,
	month        = jun,
	journal      = {arXiv preprint arXiv:2106.04392}
}
@inproceedings{kothapally2022complex,
	title        = {Complex-Valued Time-Frequency Self-Attention for Speech Dereverberation},
	author       = {Vinay Kothapally and John H.L. Hansen},
	year         = 2022,
	month        = sep,
	booktitle    = {Proc. Interspeech 2022},
	address      = {Incheon, Korea},
	pages        = {2543--2547}
}
@article{cho2021complex,
	title        = {Complex-Valued Channel Attention and Application in Ego-Velocity Estimation With Automotive Radar},
	author       = {Cho, Hyun-Woong and Choi, Sungdo and Cho, Young-Rae and Kim, Jongseok},
	year         = 2021,
	month        = jan,
	journal      = {IEEE Access},
	volume       = 9,
	number       = {},
	pages        = {17717--17727}
}