@ARTICLE{Sheen:3DmmWaveImaging, 
	author={D. M. Sheen and D. L. McMakin and T. E. Hall}, 
	journal={IEEE Trans. on Microwave Theory and Techniques}, 
	title={Three-dimensional millimeter-wave imaging for concealed weapon detection}, 
	year={2001}, 
	volume={49}, 
	number={9}, 
	pages={1581-1592},
	month={Sep.},}

@ARTICLE{Sheen:NearField3DRadarImaging,
	author={D. M. Sheen and D. L. McMakin and T. E. Hall},
	journal = {Appl. Opt.},
	title={Near-field three-dimensional radar imaging techniques and applications},
	year={2010},
	volume={49},
	number={19},
	pages={E83-E93},	
	month={Jul.},}

@ARTICLE{Stolt:MigrationFouriertransform,
	author={R. H. Stolt},
	journal = {Geophysics},
	title={Migration by {F}ourier transform},
	year={1978},
	volume={43},
	number={1},
	pages={23-48},	
	month={Feb.},}

@INPROCEEDINGS{Yanik:MillimeterWaveNearFieldImaging, 
	author={M. E. Yanik and M. Torlak}, 
	booktitle={Proc. SRC Techcon}, 
	title={Millimeter-wave near-field imaging with two-dimensional {SAR} data}, 
	year={2018}, 
	volume={}, 
	number={P093929},
	address={Austin, TX, USA}, 
	pages={}, 
	month={Sep.},}

@ARTICLE{Yanik:NearFieldMIMOSAR, 
	author={M. E. Yanik and M. Torlak}, 
	journal={IEEE Access}, 
	title={Near-Field {MIMO-SAR} Millimeter-Wave Imaging With Sparsely Sampled Aperture Data}, 
	year={2019}, 
	volume={7}, 
	number={}, 
	pages={31801-31819}, 
	month={Mar.},}

@ARTICLE{Meta:SignalProcessingForFMCW, 
	author={A. Meta and P. Hoogeboom and L. P. Ligthart}, 
	journal={IEEE Trans. on Geoscience and Remote Sensing}, 
	title={Signal Processing for {FMCW} {SAR}}, 
	year={2007}, 
	volume={45}, 
	number={11}, 
	pages={3519-3532},
	month={Nov.},}

@INPROCEEDINGS{Yanik:ConcealedItemImaging, 
	author={M. E. Yanik and M. Torlak}, 
	booktitle={Proc. IEEE Radio and Wireless Symp.}, 
	title={Near-Field {2-D} {SAR} Imaging by Millimeter-Wave Radar for Concealed Item Detection}, 
	year={2019}, 
	volume={}, 
	number={},
	address={Orlando, FL, USA},
	pages={1-4},  
	month={Jan.},}

@ARTICLE{Yanik:SwitchedMIMO, 
	author={M. E. Yanik and M. Torlak}, 
	journal={IEEE Access}, 
	title={Near-field millimeter-wave imaging with switched {MIMO} radar sensors}, 
	year={to be submitted}, 
	volume={}, 
	number={}, 
	pages={},
	month={},}

@ARTICLE{Zhuge:ASparseApertureMIMOSAR, 
	author={X. Zhuge and A. G. Yarovoy}, 
	journal={IEEE Trans. on Geoscience and Remote Sensing}, 
	title={A Sparse Aperture {MIMO-SAR}-Based {UWB} Imaging System for Concealed Weapon Detection}, 
	year={2011}, 
	volume={49}, 
	number={1}, 
	pages={509-518}, 
	month={Jan.},}

@ARTICLE{Sanchez:3DRadarImaging, 
	author={J. M. Lopez-Sanchez and J. Fortuny-Guasch}, 
	journal={IEEE Trans. on Antennas and Propagation}, 
	title={3-{D} radar imaging using range migration techniques}, 
	year={2000}, 
	volume={48}, 
	number={5}, 
	pages={728-737}, 
	month={May},}

@BOOK{LiStoica:MIMORadarSignalProcessing,
	author={J. Li and P. Stoica},
	title={{MIMO} Radar Signal Processing},
	series={John Wiley \& Sons},
	year={2009},}

@INPROCEEDINGS{Li:HighResolutionDownwardLookingRadar, 
	author={C. J. Li and H. Ling}, 
	booktitle={Proc. IEEE Int. Symposium on Antennas and Propagation}, 
	title={High-resolution, downward-looking radar imaging using a small consumer drone}, 
	year={2016}, 
	volume={}, 
	number={}, 
	pages={2037-2038},
	address={Fajardo, Puerto Rico},
	month={Jun.},}

@ARTICLE{Zhuge:ThreeDimensionalNearFieldMIMOArray, 
	author={X. Zhuge and A. G. Yarovoy}, 
	journal={IEEE Trans. on Image Processing}, 
	title={Three-Dimensional Near-Field {MIMO} Array Imaging Using Range Migration Techniques}, 
	year={2012}, 
	volume={21}, 
	number={6}, 
	pages={3026-3033}, 
	month={Jun.},}

@ARTICLE{Lu:DesignAndAnalysisOfUltrawideband, 
	author={B. Lu and Y. Zhao and X. Sun and Z. Zhou}, 
	journal={Int. J. Antennas Propag.}, 
	title={Design and analysis of ultrawideband split transmit virtual aperture array for through-the-wall imaging}, 
	year={2013}, 
	volume={139}, 
	number={3}, 
	pages={170-174}, 
	month={May},}

@ARTICLE{Zhu:RangeMigrationAlgorithm, 
	author={R. Zhu and J. Zhou and G. Jiang and Q. Fu}, 
	journal={IEEE Geoscience and Remote Sensing Letters}, 
	title={Range Migration Algorithm for Near-Field {MIMO-SAR} Imaging}, 
	year={2017}, 
	volume={14}, 
	number={12}, 
	pages={2280-2284},
	month={Dec.},}

@ARTICLE{Zhou:OptimalSpatialSamplingCriterion, 
	author={M. Zhou and Y. Alfadhl and X. Chen}, 
	journal={IEEE Access}, 
	title={Optimal Spatial Sampling Criterion in a {2D} {TH}z Holographic Imaging System}, 
	year={2018}, 
	volume={6}, 
	number={}, 
	pages={8173-8177},  
	month={Jan.},}

@online{TI:mmWave,
	title={{Texas Instruments} {mmWave} Sensors},
	url={http://www.ti.com/sensors/mmwave/overview.html},
}

@TECHREPORT{Ramasubramanian:UsingAComplexBaseband,
	author={K. Ramasubramanian},
	title={Using a complex-baseband architecture in {FMCW} radar systems},
	number={SPYY007},
	institution={Texas Instruments},
	Month={May},
	Year={2017},}

@TECHREPORT{Ramasubramanian:AWR1443,
	author={K. Ramasubramanian and J. Singh},
	title={{AWR}1443 single-chip radar: for diverse proximity-sensing applications},
	number={SPYY008},
	institution={Texas Instruments},
	Month={May},
	Year={2017},}

@online{TexasInstruments:CascadedDesignGuide,
	title={Imaging radar using cascaded mmWave sensor reference design},
	url={http://www.ti.com/tool/TIDEP-01012},
}

@ARTICLE{Wang:ApplicationOfLFMCW, 
	author={G. Wang and J. Mu{\~n}oz-Ferreras and C. Gu and C. Li and R. G{\'o}mez-Garc{\'i}a},
	journal={IEEE Trans. on Microwave Theory and Techniques},
	title={Application of Linear-Frequency-Modulated Continuous-Wave ({LFMCW}) Radars for Tracking of Vital Signs},
	year={2014},
	volume={62},
	number={6},
	pages={1387-1399},
	month={Jun.},}

@online{TI:MmWaveCascaded,
	title={Building cascade radar using {TI}'s mmWave sensors, {Texas Instruments}},
	url={https://training.ti.com/build-cascaded-radar-using-tis-mmwave-sensors},
}

@INPROCEEDINGS{Moulder:DevelopmentOfHighThroughput, 
	author={W. F. Moulder and J. D. Krieger and J. J. Majewski and C. M. Coldwell and H. T. Nguyen and D. T. Maurais-Galejs and T. L. Anderson and P. Dufilie and J. S. Herd}, 
	booktitle={Proc. IEEE Int. Symp. on Phased Array Systems and Technology}, 
	title={Development of a high-throughput microwave imaging system for concealed weapons detection}, 
	year={2016}, 
	volume={}, 
	number={},
	address={Waltham, MA, USA},
	pages={1-6}, 
	month={Oct.},}

@ARTICLE{Wang:NearField3-D, 
	author={Z. {Wang} and Q. {Guo} and X. {Tian} and T. {Chang} and H. {Cui}}, 
	journal={IEEE Trans. on Microwave Theory and Techniques}, 
	title={Near-Field {3-D} Millimeter-Wave Imaging Using {MIMO} {RMA} With Range Compensation}, 
	year={2019}, 
	volume={67}, 
	number={3}, 
	pages={1157-1166},
	month={Mar.},}

@ARTICLE{Gao:EfficientAlgorithmMIMOCylindrical, 
	author={J. {Gao} and B. {Deng} and Y. {Qin} and H. {Wang} and X. {Li}}, 
	journal={IEEE Transactions on Microwave Theory and Techniques}, 
	title={An Efficient Algorithm for MIMO Cylindrical Millimeter-Wave Holographic 3-D Imaging}, 
	year={2018}, 
	volume={66}, 
	number={11}, 
	pages={5065-5074},}