@misc{Google:Soli, title={Project Soli- Google ATAP}, url={https://www.google.com/atap/project-soli/}, journal={Google}, publisher={Google}}
@INPROCEEDINGS{hand_pose_classification:depth_sensor_bad_sunlight,
  author={Y. {Son} and O. {Choi}},
  booktitle={2017 17th International Conference on Control, Automation and Systems (ICCAS)}, 
  title={Image-based hand pose classification using faster R-CNN}, 
  year={2017},
  volume={},
  number={},
  pages={1569-1573},}

@INPROCEEDINGS{hand_pose_classification:medical,
  author={A. {Anaz} and M. {Skubic} and J. {Bridgeman} and D. M. {Brogan}},
  booktitle={2018 40th Annual International Conference of the IEEE Engineering in Medicine and Biology Society (EMBC)}, 
  title={Classification of Therapeutic Hand Poses Using Convolutional Neural Networks}, 
  year={2018},
  volume={},
  number={},
  pages={3874-3877},}

@INPROCEEDINGS{hand_pose_classification:comparison_of_classifiers,
  author={J. {Baek} and J. {Kim} and E. {Kim}},
  booktitle={2013 13th International Conference on Control, Automation and Systems (ICCAS 2013)}, 
  title={Comparison study of different feature classifiers for hand posture classification}, 
  year={2013},
  volume={},
  number={},
  pages={683-687},}

@INPROCEEDINGS{hand_pose_classification:OUHANDS_database,
  author={M. {Matilainen} and P. {Sangi} and J. {Holappa} and O. {Silv√©n}},
  booktitle={2016 Sixth International Conference on Image Processing Theory, Tools and Applications (IPTA)}, 
  title={OUHANDS database for hand detection and pose recognition}, 
  year={2016},
  volume={},
  number={},
  pages={1-5},}

@ARTICLE{dynamic_gesture_recognition:micro_doppler,
  author={Y. {Kim} and B. {Toomajian}},
  journal={IEEE Access}, 
  title={Hand Gesture Recognition Using Micro-Doppler Signatures With Convolutional Neural Network}, 
  year={2016},
  volume={4},
  number={},
  pages={7125-7130},}

@INPROCEEDINGS{dynamic_gesture_recognition:low_power,
  author={B. {Dekker} and S. {Jacobs} and A. S. {Kossen} and M. C. {Kruithof} and A. G. {Huizing} and M. {Geurts}},
  booktitle={2017 European Radar Conference (EURAD)}, 
  title={Gesture recognition with a low power FMCW radar and a deep convolutional neural network}, 
  year={2017},
  volume={},
  number={},
  pages={163-166},}
  
  @INPROCEEDINGS{dynamic_gesture_recognition:svm,
  author={S. {Zhang} and G. {Li} and M. {Ritchie} and F. {Fioranelli} and H. {Griffiths}},
  booktitle={2016 CIE International Conference on Radar (RADAR)}, 
  title={Dynamic hand gesture classification based on radar micro-Doppler signatures}, 
  year={2016},
  volume={},
  number={},
  pages={1-4},}
  
  @ARTICLE{static_gesture_recognition:time_domain,
  author={S. Y. {Kim} and H. G. {Han} and J. W. {Kim} and S. {Lee} and T. W. {Kim}},
  journal={IEEE Sensors Journal}, 
  title={A Hand Gesture Recognition Sensor Using Reflected Impulses}, 
  year={2017},
  volume={17},
  number={10},
  pages={2975-2976},}
  
  @INPROCEEDINGS{hand_pose_classification:depth_RGBD_camera,
  author={J. {Lin} and C. {Huang}},
  booktitle={2013 IEEE International Symposium on Consumer Electronics (ISCE)}, 
  title={3D hand posture tracking with depth gradient estimation on a RGB-D camera}, 
  year={2013},
  volume={},
  number={},
  pages={109-110},}
  
  @INPROCEEDINGS{dynamic_gesture_recognition:application_of_Dopper_DCNN,
  author={Y. {Kim} and B. {Toomajian}},
  booktitle={2017 11th European Conference on Antennas and Propagation (EUCAP)}, 
  title={Application of Doppler radar for the recognition of hand gestures using optimized deep convolutional neural networks}, 
  year={2017},
  volume={},
  number={},
  pages={1258-1260},}
  
  @INPROCEEDINGS{dynamic_gesture_recognition:LSTM,
  author={J. S. {Suh} and S. {Ryu} and B. {Han} and J. {Choi} and J. {Kim} and S. {Hong}},
  booktitle={2018 Asia-Pacific Microwave Conference (APMC)}, 
  title={24 GHz FMCW Radar System for Real-Time Hand Gesture Recognition Using LSTM}, 
  year={2018},
  volume={},
  number={},
  pages={860-862},}
  
  @INPROCEEDINGS{josiah:isar,
	author={J. W. {Smith} and M. E {Yanik} and M. {Torlak}},
	booktitle={2020 IEEE Radar Conference (RadarConf20)}, 
	title={Near-Field MIMO-ISAR Millimeter-Wave Imaging}, 
	year={to be published},
	volume={},
	number={},
	pages={},}
	
	@INPROCEEDINGS{Yanik:MillimeterWaveNearFieldImaging, 
	author={M. E. Yanik and M. Torlak}, 
	booktitle={Proc. SRC Techcon}, 
	title={Millimeter-wave near-field imaging with two-dimensional {SAR} data}, 
	year={2018}, 
	volume={}, 
	number={P093929},
	address={Austin, TX, USA}, 
	pages={}, 
	month={Sep.},}

@ARTICLE{Yanik:NearFieldMIMOSAR, 
	author={M. E. Yanik and M. Torlak}, 
	journal={IEEE Access}, 
	title={Near-Field {MIMO-SAR} Millimeter-Wave Imaging With Sparsely Sampled Aperture Data}, 
	year={2019}, 
	volume={7}, 
	number={}, 
	pages={31801-31819}, 
	month={Mar.},}

@INPROCEEDINGS{Yanik:ConcealedItemImaging, 
	author={M. E. Yanik and M. Torlak}, 
	booktitle={Proc. IEEE Radio and Wireless Symp.}, 
	title={Near-Field {2-D} {SAR} Imaging by Millimeter-Wave Radar for Concealed Item Detection}, 
	year={2019}, 
	volume={}, 
	number={},
	address={Orlando, FL, USA},
	pages={1-4},  
	month={Jan.},}

@INPROCEEDINGS{Yanik:CascadedMIMO, 
	author={M. E. {Yanik} and D. {Wang} and M. {Torlak}}, 
	booktitle={2019 IEEE Global Conference on Signal and Information Processing (GlobalSIP)}, 
	title={3-D MIMO-SAR Imaging Using Multi-Chip Cascaded Millimeter-Wave Sensors}, year={2019}, 
	volume={}, 
	number={}, 
	pages={1-5},}

@online{TI:mmWave,
	title={{Texas Instruments} {mmWave} Sensors},
	url={http://www.ti.com/sensors/mmwave/overview.html},
}

@online{TI:mmWave_Studio, 
title={Texas Instruments mmWave Studio}, 
url={https://www.ti.com/tool/MMWAVE-STUDIO}, 
journal={MMWAVE-STUDIO mmWave studio | TI.com}}

@online{TI:IWR1443BOOST, 
title={Texas Instruments IWR1443BOOST Evaluation Module}, 
url={https://www.ti.com/store/ti/en/p/product/?p=IWR1443BOOST}, 
journal={IWR1443BOOST | TI.com}}

@ARTICLE{muhammet:testbeds,
	author={M. E. {Yanik} and D. {Wang} and M. {Torlak}},
	journal={IEEE Access}, 
	title={Development and Demonstration of MIMO-SAR mmWave Imaging Testbeds}, 
	year={2020},
	volume={8},
	number={},
	pages={126019-126038},}
	
@ARTICLE{Sheen:NearField3DRadarImaging,
	journal = {Appl. Opt.},
	author={D. M. Sheen and D. L. McMakin and T. E. Hall},
	title={Near-field three-dimensional radar imaging techniques and applications},
	year={2010},
	volume={49},
	number={19},
	pages={E83-E93},	
	month={Jul.},}
	
@article{hand_crafted_features,
  title={Human activity classification based on micro-Doppler signatures using a support vector machine},
  author={Kim, Youngwook and Ling, Hao},
  journal={IEEE Transactions on Geoscience and Remote Sensing},
  volume={47},
  number={5},
  pages={1328--1337},
  year={2009},
  publisher={IEEE}
}

@article{empirical_mode_decomposition,
  title={Classification of human motions using empirical mode decomposition of human micro-Doppler signatures},
  author={Fairchild, Dustin P and Narayanan, Ram M},
  journal={IET Radar, Sonar \& Navigation},
  volume={8},
  number={5},
  pages={425--434},
  year={2014},
  publisher={IET}
}

@article{linear_predictive_coding,
  title={Application of linear predictive coding for human activity classification based on micro-Doppler signatures},
  author={Javier, Rios Jesus and Kim, Youngwook},
  journal={IEEE Geoscience and Remote Sensing Letters},
  volume={11},
  number={10},
  pages={1831--1834},
  year={2014},
  publisher={IEEE}
}

@article{principal_component_analysis,
  title={Detection of eye blinking using Doppler sensor with principal component analysis},
  author={Kim, Youngwook},
  journal={IEEE antennas and wireless propagation letters},
  volume={14},
  pages={123--126},
  year={2014},
  publisher={IEEE}
}

@article{human_activity:dcnn,
  title={Human detection and activity classification based on micro-Doppler signatures using deep convolutional neural networks},
  author={Kim, Youngwook and Moon, Taesup},
  journal={IEEE geoscience and remote sensing letters},
  volume={13},
  number={1},
  pages={8--12},
  year={2015},
  publisher={IEEE}
}

@inproceedings{KNN,
  title={Gesture recognition for smart home applications using portable radar sensors},
  author={Wan, Qian and Li, Yiran and Li, Changzhi and Pal, Ranadip},
  booktitle={2014 36th annual international conference of the IEEE engineering in medicine and biology society},
  pages={6414--6417},
  year={2014},
  organization={IEEE}
}

@INPROCEEDINGS{dynamic_bayesian_networks,
  author={V. {Pavlovic} and B. J. {Frey} and T. S. {Huang}},
  booktitle={Proceedings. 1999 IEEE Computer Society Conference on Computer Vision and Pattern Recognition (Cat. No PR00149)}, 
  title={Time-series classification using mixed-state dynamic Bayesian networks}, 
  year={1999},
  volume={2},
  number={},
  pages={609-615 Vol. 2},
  doi={10.1109/CVPR.1999.784983}}
  
@inproceedings{ReLU,
  title={Deep sparse rectifier neural networks},
  author={Glorot, Xavier and Bordes, Antoine and Bengio, Yoshua},
  booktitle={Proceedings of the fourteenth international conference on artificial intelligence and statistics},
  pages={315--323},
  year={2011}
}

@article{cvcnn:sar_classification,
  title={Complex-valued convolutional neural network and its application in polarimetric SAR image classification},
  author={Zhang, Zhimian and Wang, Haipeng and Xu, Feng and Jin, Ya-Qiu},
  journal={IEEE Transactions on Geoscience and Remote Sensing},
  volume={55},
  number={12},
  pages={7177--7188},
  year={2017},
  publisher={IEEE}
}

@article{cvcnn:sar_imaging,
  title={Enhanced radar imaging using a complex-valued convolutional neural network},
  author={Gao, Jingkun and Deng, Bin and Qin, Yuliang and Wang, Hongqiang and Li, Xiang},
  journal={IEEE Geoscience and Remote Sensing Letters},
  volume={16},
  number={1},
  pages={35--39},
  year={2018},
  publisher={IEEE}
}

@article{synthetic_data:FaultSeg3D,
  title={FaultSeg3D: Using synthetic data sets to train an end-to-end convolutional neural network for 3D seismic fault segmentation},
  author={Wu, Xinming and Liang, Luming and Shi, Yunzhi and Fomel, Sergey},
  journal={Geophysics},
  volume={84},
  number={3},
  pages={IM35--IM45},
  year={2019},
  publisher={Society of Exploration Geophysicists}
}

@article{synthetic_data:fish,
  title={Fish species identification using a convolutional neural network trained on synthetic data},
  author={Allken, Vaneeda and Handegard, Nils Olav and Rosen, Shale and Schreyeck, Tiffanie and Mahiout, Thomas and Malde, Ketil},
  journal={ICES Journal of Marine Science},
  volume={76},
  number={1},
  pages={342--349},
  year={2019},
  publisher={Oxford University Press}
}

@inproceedings{synthetic_data:face,
  title={3D face reconstruction by learning from synthetic data},
  author={Richardson, Elad and Sela, Matan and Kimmel, Ron},
  booktitle={2016 fourth international conference on 3D vision (3DV)},
  pages={460--469},
  year={2016},
  organization={IEEE}
}

@inproceedings{synthetic_data:license_plate,
  title={Automatic license plate recognition with convolutional neural networks trained on synthetic data},
  author={Bj{\"o}rklund, Tomas and Fiandrotti, Attilio and Annarumma, Mauro and Francini, Gianluca and Magli, Enrico},
  booktitle={2017 IEEE 19th International Workshop on Multimedia Signal Processing (MMSP)},
  pages={1--6},
  year={2017},
  organization={IEEE}
}